2534 3444
437 752 482 774 863

437 855 482 877 864

437 957 481 980 865

438 1060 482 1080 8256

437 1161 481 1183 867

437 1265 481 1286 868

436 1354 481 1388 suin

436 1513 481 1534 870

436 1659 476 1681 871

436 1864 481 1886 873

436 1967 481 1989 874

435 2113 480 2135 875

435 2263 480 2286 876

435 2367 479 2403 §77

436 2473 480 2509 {5378

436 2623 481 2645 879

437 2729 482 2751 880

571 1510 637 1537 1328

730 456 865 479 Februarii
881 457 909 479 *28

760 558 846 582 Martii
864 559 877 581 2

788 764 814 767 -
849 751 878 773 22

758 852 854 884 Aprilis
870 854 884 876 3

787 954 853 977 Maio

749 1057 858 1088 Augusti
876 1058 888 1080 7

714 1159 877 1190 Septembris
896 1160 924 1182 12

720 1261 870 1285 Decembris
887 1262 915 1284 13

735 1511 869 1535 Februarii
885 1513 900 1534 9

782 1672 813 1675 ——
870 1659 899 1681 20

783 1775 809 1778 ——
869 1762 898 1784 27

759 1863 846 1889 Martii
864 1863 874 1886 1

746 1965 845 1997 Aprilis
863 1965 892 1988 14

765 2113 825 2136 Maii
842 2112 871 2135 13

784 2263 851 2287 Maio

757 2473 829 2496 Junii
847 2474 875 2496 24

771 2624 834 2648 Julii
850 2626 863 2648 7

743 2731 890 2761 Septembri

939 507 940 518 ἢ
985 500 1089 524 sitateiu
1104 503 1128 523 ct
1144 500 1284 523 canonicos
1304 500 1467 523 Pnrisicnses
1483 504 1540 523 orta
1545 517 2218 526 ...........................

1015 336 1332 359 CIIAIITULARIUM
1368 338 1556 359 UNIVERS.

1594 338 1720 359 I‘Anls.

954 455 1063 478 Articuli
1079 455 1112 478 ab
1129 455 1306 479 Universitate
1321 455 1463 479 Parisiensi
1479 456 1619 487 propositi,
1635 460 1664 480 ut
1679 459 1852 488 componatur
1866 456 1899 479 lis
1918 456 1986 479 inter
1999 456 2092 487 ¹ipsam
2109 456 2220 487 Uniyer-

939 559 940 574 l
954 558 996 582 Lis
1013 561 1082 581 mota
1096 561 1135 581 est
1150 566 1239 581 coram
1254 558 1353 582 ballivo
1371 558 1442 589 regis
1457 558 1643 581 Matisconensi
1657 558 1725 581 inter
1742 559 1879 590 Hugonem
1901 559 1932 582 de
1951 559 2031 590 Nuyz,
2047 559 2219 582 castellanum

985 603 1074 634 Ygiaci
1090 606 1115 626 et
1129 606 1328 634 procuratorem
1344 603 1423 634 regis,
1448 611 1479 626 ex
1501 606 1576 634 parte
1603 611 1663 632 una,
1687 606 1712 626 ct
1736 603 1906 627 Guillelmum
1930 604 1961 627 de
1981 604 2218 635 montepessulano,

984 648 1119 676 clericum,
1137 656 1167 670 ex
1182 648 1275 676 altera,
1292 647 1430 679 dictusque
1444 648 1604 670 castellanus
1629 648 1724 670 citatus
1746 651 1786 671 est
1805 647 1914 671 Parisiis
1929 656 2018 672 coram
2036 651 2220 672 conservatore

984 692 1187 724 privilegiorum
1207 692 1394 716 Universitatis
1399 709 2219 718 ................................

954 751 1079 782 Magister
1094 751 1186 774 Petrus
1203 751 1235 774 de
1250 750 1337 779 Dacia,
1348 754 1434 774 rector
1444 750 1632 775 Universitatis
1647 750 1742 779 Paris„
1759 750 1899 774 canonicos
1914 750 1999 775 Paris.
2010 751 2045 774 ad
2058 751 2220 775 consortium

986 795 1171 819 Universitatis
1188 791 1303 818 restituit
1307 812 2218 820 ....................................

953 854 1086 877 Juhaunes
1103 854 1169 876 XXII
1186 853 1212 876 iu
1228 853 1282 876 suis
1296 852 1392 876 litteris
1408 853 1439 876 de
1454 853 1586 876 Ludovico
1599 853 1702 876 Bavaro
1718 853 1877 877 mentionem
1894 853 1956 876 facit
1968 861 2088 876 errorum
2109 853 2220 877 Marsilii

985 898 1016 921 de
1032 894 1121 921 Padua
1137 901 1162 921 et
1176 898 1305 921 Joliannis
1321 898 1352 920 de
1365 898 1497 927 Janduno,
1520 897 1709 929 magistrorum
1721 897 1796 921 Paris
1800 915 2218 922 .................

955 955 1153 986 Assignationes
1169 955 1385 978 baccalareorum
1398 955 1461 980 Ord.
1478 955 1571 979 Prued.
1592 963 1641 987 pro
1661 955 1748 979 studio
1770 955 1854 979 Paris.
1870 964 1918 987 per
1933 955 2084 987 Capitulum
2098 956 2220 987 generale

985 1000 1135 1031 Perpiuiuni
1161 1000 1331 1023 celebratum.
1357 1016 2218 1024 ..................................

955 1058 1066 1081 Litterae
1081 1057 1203 1081 officialis
1219 1058 1309 1080 curiae
1324 1057 1482 1081 Parisiensis
1498 1058 1626 1081 adversus
1642 1066 1686 1081 eos
1703 1058 1747 1089 qui
1766 1058 1883 1081 detinent
1897 1061 1942 1081 aut
1964 1058 2097 1082 occultant
2115 1058 2220 1082 chartas

984 1103 1010 1125 in
1026 1102 1122 1134 quibus
1139 1102 1322 1125 inscribuntur
1337 1102 1479 1133 privilegia
1501 1102 1688 1126 Universitfltis
1693 1120 2219 1127 .....................

954 1162 1085 1184 statutum
1109 1160 1224 1191 Capituli
1259 1160 1390 1191 generalis
1419 1160 1585 1184 Cisterciens.
1611 1161 1643 1184 de
1660 1160 1810 1192 juramento
1831 1161 1992 1192 praestando
2016 1169 2031 1184 a
2058 1161 2220 1185 baccalareis

984 1205 1094 1229 Parisiis
1118 1205 1330 1236 praesentandis.
1355 1223 1360 1229 .

953 1263 1086 1286 Johanncs
1103 1263 1170 1286 XXII
1187 1263 1303 1286 Thomae
1320 1263 1478 1286 cancellario
1494 1263 1579 1287 Paris.
1596 1263 1711 1295 injungit
1725 1267 1754 1287 ut
1770 1263 1885 1287 Johanni
1903 1263 2021 1293 Aua-edi,
2040 1263 2103 1288 Ord.
2117 1264 2220 1294 Praed.,

985 1307 1169 1339 magisterium
1185 1308 1210 1331 in
1232 1308 1364 1339 theologia
1385 1307 1485 1331 tribuat
1489 1325 2220 1333 .............................

954 1366 1063 1389 Nomina
1079 1374 1255 1397 personarum
1271 1374 1336 1397 quas
1353 1365 1480 1397 magister
1495 1366 1652 1389 Guillelmus
1668 1366 1802 1397 Anglicus,
1827 1366 2029 1397 privilegiorum
2053 1374 2133 1390 causa
2155 1366 2220 1390 Uni-

984 1410 1103 1434 versitati
1126 1410 1211 1434 Puris.
1241 1410 1413 1439 indultorum,
1449 1410 1639 1434 submonuerat
1664 1414 1690 1434 et
1717 1410 1849 1434 immerito
1878 1411 2152 1434 excommunicaverat
2179 1411 2220 1435 vel

984 1455 1097 1487 pet-unia
1121 1455 1296 1478 mulctaverat
1301 1473 2219 1480 ....................................

956 1513 1123 1537 Universitas
1145 1513 1229 1536 Paris.
1253 1513 1328 1542 veintj
1343 1521 1374 1536 ne
1390 1513 1449 1544 quis
1464 1513 1581 1545 aliquam
1597 1513 1712 1536 litteram
1727 1513 1875 1537 citatorium
1890 1513 1917 1536 in
1932 1513 2006 1537 curia
2027 1513 2220 1537 conservatoris

983 1558 1185 1590 privilegiorum
1202 1558 1399 1587 Universstatis,
1416 1558 1506 1581 insciis
1521 1561 1621 1581 rectore
1636 1561 1661 1581 et
1675 1558 1809 1590 deputatis
1824 1558 1858 1581 ab
1874 1558 2062 1588 Universitate,
2077 1558 2221 1590 impetrare

983 1606 1138 1635 praesumat
1142 1620 1547 1628 ................

1595 1620 2218 1628 .........................

954 1663 1086 1684 Statutum
1106 1661 1221 1684 nationis
1247 1661 1398 1685 Gallicanae
1423 1661 1454 1684 de
1476 1661 1616 1684 visitandis
1642 1661 1739 1684 scholis
1762 1661 1876 1693 quinque
1899 1661 2105 1693 provinciarum,
2134 1664 2160 1685 et
2188 1661 2220 1685 de

984 1714 1087 1729 summa
1101 1714 1181 1737 quain
1201 1706 1298 1729 debent
1320 1706 1525 1729 determinantes
1547 1706 1649 1729 solvere
1663 1714 1712 1738 pro
1728 1706 1826 1730 scholis
1842 1706 1927 1729 dictae
1940 1706 2053 1730 nationis
2057 1723 2218 1731 .......

953 1766 1086 1788 Stututum
1100 1764 1213 1787 nationis
1229 1763 1382 1788 Gallicanae
1405 1764 1437 1787 de
1453 1765 1530 1787 modo
1554 1765 1673 1788 solvendi
1696 1765 1801 1788 scholas
1826 1765 1867 1788 vel
1886 1765 1961 1788 aulas
1980 1764 2124 1796 legentium
2148 1767 2220 1788 extra

984 1797 1071 1832 vicum
1087 1809 1258 1837 straminum,
1275 1812 1301 1832 et
1315 1809 1385 1840 quod
1401 1817 1452 1832 non
1467 1809 1564 1832 debent
1576 1809 1673 1832 habere
1689 1810 1759 1832 ultra
1773 1809 1839 1832 duos
1852 1809 2056 1833 determinantes
2060 1826 2218 1833 .......

952 1867 1085 1890 Johnnnes
1102 1867 1169 1890 XXII
1186 1867 1334 1890 Odonetum
1349 1870 1374 1890 et
1389 1867 1604 1897 Thomassinum,
1620 1870 1696 1890 natos
1712 1867 1828 1891 Thomae
1842 1868 1873 1891 de
1889 1867 1984 1896 Remis,
2001 1867 2063 1891 dicti
2083 1866 2218 1898 Saligiuis,

984 1911 1117 1934 scholares
1134 1911 1297 1934 Parisienses
1314 1919 1395 1942 super
1415 1912 1517 1935 defectu
1538 1912 1666 1935 natalium
1686 1912 1823 1943 dispensat
1826 1928 2218 1936 ................

952 1969 1137 1992 Ordinationes
1155 1970 1237 1992 sactae
1259 1977 1307 2000 per
1333 1970 1441 1992 fratrem
1463 1969 1635 1993 Guillelmum
1657 1970 1688 1992 de
1710 1970 1847 1998 Cremona,
1872 1970 1988 2001 priorem
2013 1970 2132 2001 general.
2154 1969 2218 1994 Ord.

983 2013 1090 2037 Eremit.
1109 2014 1136 2037 S.
1152 2013 1299 2045 Augustini,
1317 2021 1365 2044 pro
1381 2013 1545 2037 ordinatione
1562 2017 1706 2037 conventus
1722 2014 1878 2037 Parisiensis
1894 2017 2021 2045 quantum
2037 2014 2070 2037 ad
2084 2013 2217 2043 lectiones,

983 2057 1184 2089 disputationes,
1208 2057 1404 2081 bibliothecam.
1431 2055 2217 2083 ’-

951 2116 1084 2139 ,Iohannes
1100 2116 1167 2139 XXII
1193 2115 1390 2147 inquisitionem
1406 2116 1511 2139 ordinat
1535 2124 1630 2140 causae
1651 2116 1743 2140 Jacobi
1766 2116 1798 2140 de
1825 2116 1948 2146 viterbio,
1973 2116 2037 2140 Ord.
2059 2117 2168 2141 Eremit.
2190 2117 2217 2142 S.

982 2159 1131 2191 Augustini,
1145 2160 1198 2191 qui,
1214 2168 1246 2183 ne
1261 2161 1294 2183 ad
1307 2161 1435 2183 lecturam
1451 2160 1646 2184 Sententiarum
1661 2161 1770 2184 Parisiis
1786 2161 1936 2192 perveniret
1948 2164 1974 2184 et
1988 2161 2021 2184 ad
2037 2161 2218 2192 magisterium

982 2207 1189 2236 promoveretur,
1205 2213 1220 2228 a
1235 2205 1290 2228 suis
1305 2205 1433 2228 tratribus
1449 2208 1542 2236 captus
1557 2208 1583 2229 et
1597 2205 1749 2229 diffamatus
1764 2208 1821 2229 erat
1823 2222 2217 2231 ................

952 2262 1088 2286 Ordinatio
1104 2262 1219 2294 Capituli
1238 2262 1370 2293 generalis
1386 2262 1449 2287 Ord.
1466 2263 1560 2287 Praed.
1578 2264 1689 2287 Tolosae
1704 2263 1829 2287 celebrati
1851 2264 1883 2287 de
1898 2263 2032 2287 mittendis
2052 2263 2218 2288 studentibus

983 2307 1108 2330 Parisios.
1125 2307 1323 2339 Assignationcs
1346 2308 1570 2331 baccalareorum.
1591 2326 1597 2331 .
1617 2326 1622 2331 .
1644 2329 1647 2332 ,
1668 2325 2217 2333 ......................

952 2369 1103 2400 Capitulum
1118 2370 1240 2400 generale
1256 2370 1319 2393 Ord.
1337 2370 1478 2393 Servorum
1495 2371 1605 2394 Sanctae
1618 2370 1716 2394 Mariae
1731 2370 1806 2394 Senis
1822 2371 1983 2394 celebratum
1999 2370 2092 2394 statuit
2110 2370 2218 2394 Parisiis

982 2414 1129 2445 Collegium
1144 2422 1192 2445 pro
1208 2414 1375 2438 studentibus
1391 2414 1498 2438 Ordinis
1514 2416 1615 2446 erigere
1619 2432 2216 2440 ........................

951 2476 1083 2499 ,lohannes
1100 2476 1167 2499 XXII
1183 2476 1331 2500 Gilbertum
1346 2477 1485 2505 Hamelini,
1503 2477 1634 2501 medicum
1656 2476 1773 2509 Philippi
1788 2478 1829 2506 VI,
1854 2477 1898 2509 qui
1919 2477 1946 2501 in
1972 2477 2095 2501 conflictu
2114 2476 2218 2501 schola-

983 2520 1051 2543 rium
1065 2521 1277 2544 Normnnnorum
1292 2524 1318 2545 et
1333 2521 1505 2545 Picardorum
1519 2522 1677 2546 Normannis
1700 2522 1852 2552 assistebat,
1874 2530 1954 2554 super
1977 2522 2140 2551 enormitate,
2159 2530 2217 2546 cum

983 2565 1009 2588 in
1024 2565 1094 2592 dicto
1109 2565 1232 2589 conflictu
1248 2565 1355 2597 quidam
1376 2566 1514 2595 interfecti,
1536 2567 1581 2590 alii
1602 2567 1733 2590 vulnerati
1752 2570 1848 2595 essent,
1864 2567 2002 2598 dispensat
2005 2583 2112 2590 .....
2117 2555 2139 2590 Ι.
2160 2585 2164 2590 .
2185 2585 2190 2590 .
2209 2585 2216 2592 .

952 2627 1084 2650 Johnnnes
1098 2628 1165 2651 XXII
1180 2628 1337 2651 cancellario
1353 2629 1496 2652 Parisiensi
1512 2629 1626 2661 injungit
1647 2632 1676 2652 ut
1698 2629 1816 2653 Andreae
1840 2629 1872 2653 de
1889 2628 2006 2658 Perusio,
2030 2629 2093 2653 Ord.
2109 2628 2216 2653 Eremit.

984 2672 1009 2695 S.
1026 2671 1175 2702 Augustini,
1191 2672 1375 2703 magisterium
1390 2673 1416 2696 in
1429 2673 1563 2705 theologia
1578 2673 1720 2705 impertiat.
1743 2692 1747 2697 .
1768 2691 1774 2697 .

951 2733 1084 2756 ,Iohannes
1100 2734 1168 2757 XXII
1183 2735 1340 2758 cancellario
1356 2735 1439 2758 Paris.
1453 2736 1560 2759 mandat
1571 2739 1601 2759 ut
1615 2737 1691 2759 Petro
1705 2735 1824 2768 Sycardi,
1840 2735 1967 2759 monacho
1982 2735 2136 2759 monasterii
2154 2735 2217 2759 Val-

983 2778 1158 2801 lisumhrosae
1187 2779 1295 2803 Cisterc.
1321 2780 1383 2803 Ord.
1413 2780 1575 2811 Agennensis
1608 2780 1745 2809 dioecesis⁷
1778 2780 1926 2812 theologiae
1954 2780 2115 2808 baccalareo,
2142 2779 2215 2811 juxta

983 2830 1081 2845 morem
1097 2827 1265 2854 praesentato
1278 2827 1303 2847 et
1317 2824 1473 2853 examinato,
1488 2825 1523 2848 ab
1537 2825 1596 2857 ipso
1610 2828 1699 2850 tamen
1722 2833 1773 2848 non
1795 2825 1921 2854 admisso,-
1943 2825 2013 2848 int'ra
2032 2824 2098 2848 duos
2113 2831 2215 2848 menses

982 2866 1016 2889 ad
1038 2870 1136 2890 statum
1157 2868 1304 2899 magisterii
1325 2873 1480 2900 promoveat
1483 2885 2214 2895 .............................

2263 501 2309 526 298

2263 693 2310 715 300

2264 795 2310 817 300

2264 896 2307 920 301

2264 999 2310 1022 303

2264 1102 2310 1125 303

2265 1204 2310 1227 3011

2264 1454 2310 1477 305

2263 1601 2310 1624 306

2263 1703 2308 1727 307

2263 2051 2308 2079 309

2262 2204 2309 2227 310

2262 2306 2309 2330 312

2263 2413 2308 2436 312

2261 2564 2308 2589 31³

2261 2671 2309 2696 314

2259 2866 2305 2890 314
