2534 3444
365 346 429 378 350
954 355 1272 379 CHARTULARIUM
1307 357 1496 379 uuivnns.
1534 358 1663 381 Panis.
1801 358 1803 360 ·
2138 344 2237 381 [1330

365 436 400 462 et
428 429 527 462 istud
557 436 633 462 erat
661 430 698 462 in
728 430 969 474 prejudicium
1001 436 1036 463 et
1065 422 1261 475 gravamen
1292 430 1386 464 dicte
1416 431 1596 465 facultatis
1626 443 1666 464 ac
1696 438 1821 464 contra
1855 438 1998 473 statuta,
2034 431 2235 471 libertates,

363 496 651 529 consuetudines
668 496 704 529 in
720 496 798 541 ipsa
819 496 986 530 facultate
1007 496 1239 542 approbatas3
1264 509 1374 542 quare
1395 497 1604 542 requirebat
1624 498 1780 531 eundem
1802 495 2014 543 magistrum
2035 497 2235 531 Johannem

366 563 557 608 Halequin7
581 563 612 596 si
634 563 745 596 sciret
764 562 833 596 hoc
854 575 893 596 se
914 563 1060 605 fecisse,
1084 571 1270 597 revocaret
1292 576 1336 597 ex
1356 571 1452 597 nun‘c
1473 571 1582 609 prout
1603 576 1646 597 ex
1667 571 1764 606 tunc⁷
1787 565 1870 609 quia
1890 564 1958 597 hoc
1980 571 2121 609 poterat
2140 565 2234 598 scire

364 641 447 662 esse
467 636 592 662 contra
607 631 868 674 juramentum,
891 637 925 663 et
945 630 1161 675 injungebat
1187 630 1257 663 sibi
1284 630 1352 663 sub
1379 631 1476 663 omni
1504 643 1612 676 pena;
1637 637 1672 664 et
1692 631 1736 664 de
1764 638 1933 676 requesta
1954 637 1990 664 et
2008 631 2234 676 injunctione

365 695 509 740 petebat
528 709 546 729 a
567 708 623 729 me
645 696 791 741 publico
813 697 954 729 notario
976 697 1095 729 dictus
1115 697 1214 729 vices
1235 708 1370 741 gerens
1391 697 1518 730 decani
1539 697 1610 730 sibi
1630 697 1709 730 fieri
1731 697 1916 742 publicum
1938 698 2232 731 instrumentum.

365 762 507 805 Quibus
544 763 776 807 requisitioni
815 769 850 795 et
880 763 1098 807 injunctioni
1137 763 1328 808 respondit
1368 763 1555 808 predictus
1596 763 1770 808 magister
1804 763 1989 797 Johannes
2018 764 2231 809 Halequin:

366 820 610 862 «Reverendi
640 829 819 874 magistri,
850 829 973 862 sciatis
1000 821 1065 874 pro
1098 821 1197 862 certo
1226 821 1325 874 quod
1358 836 1483 862 contra
1507 829 1712 863 facultatem
1742 824 1898 862 vestram
1929 823 2109 863 medicine
2143 831 2234 863 nihil

363 886 493 928 vellem
515 896 633 928 faeere
659 907 725 928 nec
752 907 948 940 procurare
977 887 1072 936 fieri3
1100 907 1226 928 verum
1253 888 1452 928 est-tamen
1478 896 1575 941 quod
1600 895 1662 928 ille
1688 896 1853 928 Andreas
1879 889 2101 941 presentavit
2125 891 2233 930 michi

364 962 553 1006 quamdam
578 962 742 994 cedulam
764 969 803 994 ut
828 961 899 994 sibi
925 974 999 994 eam
1028 961 1246 1007 sigillarem3
1273 962 1339 994 sed
1360 962 1485 995 nescio
1507 962 1594 1007 quid
1615 962 1870 995 continebatur·
1890 962 1927 995 in
1949 975 2001 1004 ea,
2027 970 2062 996 et
2084 970 2235 996 tantum-

363 1027 470 1060 modo
498 1028 572 1061 vidi
607 1028 825 1072 principium
857 1028 952 1060 dicte
984 1020 1113 1060 cedule
1130 1020 1175 1060 'et
1205 1020 1332 1072 postea
1360 1028 1514 1073 signavi.
1549 1028 1585 1061 Si
1613 1034 1732 1061 tamen
1757 1028 1862 1061 vobis
1887 1028 2032 1062 videtur
2049 1022 2164 1074 ⁴quod
2197 1030 2234 1062 in

362 1093 429 1126 hoc
456 1094 607 1138 deliqui7
636 1094 719 1138 quia
744 1100 854 1127 totam
886 1093 1051 1126 cedulam
1086 1106 1159 1127 non
1195 1094 1269 1139 legi
1298 1094 1376 1137 (sed
1404 1094 1441 1127 in
1471 1094 1551 1127 aliis
1577 1088 1684 1128 dictis
1710 1094 1768 1128 vel
1793 1095 1896 1128 sactis
1927 1107 2000 1128 non
2029 1096 2151 1129 recolo
2176 1090 2234 1129 me

361 1167 485 1192 contra
512 1160 640 1193 dictam
668 1160 873 1193 facultatem
895 1160 932 1192 in
955 1160 1076 1205 aliquo
1104 1172 1264 1202 errasse3
1291 1160 1390 1205 quod
1416 1161 1468 1194 sic
1492 1161 1529 1193 in
1550 1161 1798 1194 adolescentia
1817 1162 1912 1206 feci),
1942 1174 1985 1195 ex
2006 1174 2102 1195 nunc
2126 1170 2234 1208 prout

362 1238 404 1259 ex
434 1233 518 1259 tunc
548 1239 680 1260 revoco
707 1233 742 1259 et
767 1238 935 1272 suppono
966 1238 1022 1259 me
1050 1227 1269 1259 correctioni
1299 1227 1479 1260 facultatis
1504 1227 1679 1272 predicte.
1705 1241 1720 1258 »
1748 1229 1792 1261 Et
1820 1227 1864 1260 ab
1894 1228 1962 1261 ista
1991 1229 2233 1274 responsione

362 1300 397 1325 et
422 1293 651 1326 revocatione
677 1305 822 1326 necnon
848 1293 1102 1338 suppositione
1128 1293 1232 1338 petiit
1260 1293 1391 1327 iterum
1417 1293 1536 1327 dictus
1562 1294 1736 1339 magister
1762 1294 1946 1328 Johannes
1971 1295 2058 1340 Pipe
2087 1296 2233 1329 nomine

361 1359 488 1392 decani
519 1366 554 1392 et
578 1360 659 1393 loco
684 1360 864 1393 facultatis
895 1360 1102 1405 supradicte
1131 1359 1202 1393 sibi
1226 1359 1306 1394 fieri
1331 1360 1517 1406 publicum
1548 1361 1843 1394 instrumentum.
1874 1362 1963 1394 Acta
1992 1362 2140 1395 fuerunt
2168 1362 2234 1395 hec

360 1425 455 1467 loco,
483 1426 553 1464 die,
588 1426 799 1471 pontificatu
832 1426 1066 1471 supradictis,
1100 1426 1336 1471 presentibus
1367 1427 1457 1460 viris
1488 1427 1762 1461 venerabilibus
1793 1434 1828 1460 et
1860 1428 2030 1461 discretis
2059 1429 2234 1474 magistro

362 1494 542 1526 Hermano
569 1492 806 1534 Lomhard02,
834 1494 1010 1538 magistro
1036 1494 1142 1526 Petro
1165 1493 1209 1526 de
1235 1493 1450 1535 Florentia³‚
1474 1494 1648 1539 magistro
1669 1494 1833 1528 Johanne
1860 1494 1904 1527 de
1927 1495 2035 1540 Dya‘,
2059 1495 2234 1540 magistro

362 1559 564 1604 Reginaldo
591 1560 635 1592 de
662 1560 898 1601 Cornemare,
921 1559 1096 1605 magistro
1126 1560 1292 1606 Remigio
1314 1560 1358 1593 de
1380 1561 1609 1602 Mariniaco⁵‚
1640 1561 1814 1606 magistro
1837 1561 2018 1606 Stephano
2040 1561 2085 1594 de
2106 1562 2235 1596 Calvo-

361 1632 496 1667 monte,
532 1626 706 1671 magistro
741 1628 847 1659 Petro
883 1627 927 1659 de
961 1626 1149 1669 Alvernia‚
1185 1627 1361 1672 magistro
1398 1629 1526 1660 Yvone
1561 1628 1742 1669 Britone⁶,
1783 1628 1958 1673 magistro
1992 1628 2156 1662 Johanne
2190 1629 2234 1662 de

361 1692 562 1726 Couciaco⁷
590 1699 626 1725 et
652 1693 821 1738 pluribus
842 1693 923 1726 aliis
945 1693 1101 1726 testibus
1122 1693 1166 1726 ad
1187 1694 1366 1738 premissa
1393 1694 1530 1727 vocatis
1556 1694 1764 1739 specialiter
1785 1701 1820 1728 et
1839 1695 1990 1740 rogatis.

451 1760 494 1791 Et
521 1771 590 1803 ego
612 1759 771 1793 Garinus
800 1760 844 1792 de
872 1760 1043 1801 Pruvino,
1067 1759 1223 1793 clericus
1251 1761 1476 1794 Senonensis
1505 1761 1678 1803 diocesis,
1709 1761 1879 1806 publicus
1908 1761 2121 1795 auctoritate
2147 1774 2234 1807 apo-

362 1825 490 1857 stolica
521 1826 697 1867 notarius,
728 1831 791 1859 etc.

454 1923 530 1958 Aroh.
551 1926 604 1946 nat.
623 1923 707 1946 Paris.
726 1923 786 1946 MM.
808 1924 862 1951 266,
882 1932 910 1954 p.
931 1924 984 1947 115.
1000 1938 1031 1942 —
1050 1923 1153 1952 Omnia,
1170 1932 1237 1955 quae
1257 1932 1286 1947 ex
1301 1924 1350 1947 hoc
1364 1932 1413 1948 ms,
1428 1924 1568 1956 desumpta
1587 1928 1656 1953 sunt,
1673 1925 1737 1948 ibid.
1754 1933 1785 1948 ex
1804 1925 1986 1949 instrumentis
2002 1925 2178 1957 originalibus
2194 1934 2236 1949 ex-

361 1966 461 1998 scripta
476 1970 546 1995 sunt,
563 1967 630 1990 utin
642 1967 693 1990 fine
709 1967 850 1999 cujuslibet
870 1971 984 1991 notatur.
1006 1968 1191 1992 Verisimiliter
1214 1968 1302 1991 omnia
1320 1968 1371 1991 ista
1392 1969 1568 1992 instrumenta
1592 1977 1644 1992 una
1667 1969 1805 2001 conjuncta
1825 1973 1900 1993 erant
1921 1971 1959 1999 (ut
1974 1978 1999 1993 v.
2016 1979 2041 2002 g.
2058 1970 2234 1994 instrumenta

361 2011 418 2034 Bul*
433 2011 460 2034 in
476 2011 553 2035 Arch.
569 2011 692 2035 Univers.
709 2020 775 2043 quae
788 2012 861 2035 litem
876 2012 944 2036 inter
959 2012 1112 2044 Capitulum
1125 2016 1150 2036 et
1162 2012 1368 2036 Universitatem
1381 2013 1522 2041 continent,
1539 2013 1572 2036 ab
1585 2013 1693 2045 antiquo
1711 2014 1850 2045 conjuncta
1865 2014 1944 2045 sunt),
1961 2014 1998 2037 ita
2013 2017 2050 2043 ut,
2067 2023 2118 2037 uno
2134 2014 2234 2038 instru-

361 2059 448 2079 mento
461 2056 592 2085 submoto,
606 2056 694 2079 omnia
709 2056 898 2087 disparuerint.

455 2140 477 2163 1.
492 2139 602 2163 Indictio
618 2140 724 2163 Bedana
738 2139 781 2163 hic
796 2140 918 2169 sumitur,
935 2149 1001 2172 quae
1015 2141 1148 2172 Septemb.
1168 2141 1197 2164 24
1209 2141 1311 2172 incipit.
1325 2155 1358 2160 -—
1372 2143 1393 2165 2.
1411 2143 1441 2166 V.
1453 2150 1535 2174 supra
1550 2147 1578 2165 n⁰
1590 2143 1645 2171 813,
1661 2152 1688 2174 p.
1706 2144 1758 2166 260.
1775 2157 1806 2161 —
1821 2144 1844 2166 3.
1857 2143 1887 2166 V.
1904 2151 1987 2174 supra
2001 2147 2030 2166 n⁰
2048 2144 2102 2172 845,
2124 2146 2149 2166 et
2166 2143 2235 2167 infra

361 2187 390 2206 n⁰
404 2185 458 2206 996.
477 2197 508 2201 —-
521 2185 546 2207 4.
562 2184 597 2207 De
610 2184 746 2215 magistris
763 2184 933 2216 sequentibus
948 2193 973 2208 v.
990 2185 1060 2208 infra
1075 2189 1103 2207 n⁰
1117 2186 1173 2218 924,
1189 2186 1234 2209 ubi
1244 2186 1335 2217 plures
1351 2186 1396 2209 alii
1410 2187 1489 2210 simul
1504 2187 1658 2211 afferuntur.
1676 2201 1707 2204 —
1725 2190 1747 2210 5.
1764 2188 1792 2210 V.
1808 2195 1889 2219 supra
1904 2193 1932 2210 11υ
1949 2188 2003 2210 804.
2019 2201 2050 2204 —
2066 2189 2089 2211 6.
2101 2187 2151 2215 Qui
2166 2187 2236 2211 infra

362 2232 391 2250 n⁰
400 2226 445 2250 924
456 2228 500 2251 lvo
514 2228 609 2252 Guirer
624 2228 697 2251 Brito
712 2232 888 2260 nuncupatur.
906 2242 934 2247 —
951 2230 973 2252 7.
991 2229 1019 2253 V.
1035 2229 1099 2253 ibid.

363 2389 474 2426 920.
497 2399 663 2425 Provocatio
680 2398 811 2436 Philippi
826 2399 862 2426 de
881 2401 967 2426 Curia
983 2400 1088 2426 decani
1101 2401 1256 2435 facultatis
1272 2403 1440 2438 medicinae,
1458 2407 1485 2429 et
1499 2403 1622 2429 aliorum
1638 2403 1811 2429 medicorum
1826 2412 1844 2428 α
1861 2402 2045 2429 cancellario.

1507 2486 1583 2516 1330,
1601 2485 1718 2512 Octobris
1735 2486 1819 2515 16-18,
1835 2485 1948 2512 Pae-ielis.

454 2556 493 2587 In
520 2555 586 2587 Dei
613 2555 774 2597 nomine,
795 2568 912 2589 amen.
936 2558 1127 2591 Universis
1154 2570 1218 2603 per
1238 2558 1306 2592 hoc
1328 2571 1482 2604 presens
1507 2560 1694 2605 publicum
1719 2561 2001 2593 instrumentum
2023 2566 2141 2605 pateat
2161 2559 2236 2592 evi-

365 2619 492 2653 denter
519 2621 616 2665 quod
644 2634 737 2654 anno
765 2620 910 2655 Domini
938 2623 1133 2657 millesimo
1164 2626 1421 2658 trecentesimo
1452 2626 1651 2668 tricesimo,
1682 2627 1882 2659 indictione
1910 2632 2035 2671 quarta
2058 2626 2234 2666 'deci1na¹‚

365 2687 502 2719 mensis
528 2687 698 2720 Octobris
723 2688 781 2721 die
803 2696 902 2722 sexta
929 2690 1087 2732 decima,‘
1103 2691 1335 2735 pontificatus
1362 2693 1582 2726 sanctissimi
1603 2693 1715 2738 patris
1740 2705 1779 2726 ac
1801 2693 1939 2726 domini
1959 2692 2076 2725 nostri
2098 2691 2235 2725 domini

364 2749 539 2785 Johannis
570 2751 689 2787 divina
719 2755 946 2799 providentia
976 2768 1066 2801 pape
1100 2754 1266 2790 vicesimi
1296 2755 1448 2791 secundi
1478 2771 1572 2792 anno
1603 2756 1729 2804 quinto
1758 2759 1912 2801 decimo,
1944 2759 1988 2791 ad
2014 2758 2234 2803 presentiam

366 2817 586 2852 venerabilis
606 2820 674 2852 viri
696 2827 731 2852 et
751 2818 899 2854 discreti
921 2823 1085 2867 magistri
1107 2824 1294 2857 Guillelmi
1321 2825 1365 2858 de
1386 2825 1592 2867 Narbonna,
1615 2826 1780 2871 magistri
1801 2826 1838 2858 in
1859 2824 2055 2870 theologia,
2080 2822 2234 2857 ecclesie

368 2881 585 2918 parisiensis
613 2884 892 2928 cancellarii,'ac
918 2889 955 2920 in
981 2886 1060 2933 ejus
1081 2887 1231 2935 'meique'
1246 2892 1377 2924 notarii
1403 2888 1542 2937 publici
1562 2899 1597 2925 et
1617 2888 1763 2925 testium
1792 2887 2148 2936 subscriptorum'ad
2168 2890 2234 2923 h'e‘c
