2534 3444
1017 344 1108 365 Tou.
1148 344 1187 364 11.
1225 343 1438 364 APPENDIX.
2094 329 2156 361 691

386 416 442 450 (17)
464 417 635 442 Preterea....
657 418 692 443 de
711 419 831 444 cameris
849 420 948 444 autem
967 419 1073 444 domus
1092 418 1258 443 ordinantes
1279 418 1444 446 statuimus,
1465 416 1545 449 quod
1565 417 1724 441 conventus
1742 417 1809 440 ante
1824 415 1923 439 omnia
1938 414 2041 439 habeat
2062 421 2158 439 neces-

298 464 382 489 sarias
403 472 528 490 cameras
547 466 583 490 ad
603 467 818 492 comedendum
838 469 866 493 et
885 468 938 493 alia
959 468 1018 493 loca
1038 469 1203 500 opportuna
1222 467 1258 491 ad
1278 466 1480 499 reponendum
1500 467 1528 490 et
1548 464 1771 490 custodiendum
1793 464 1867 488 bona
1888 465 1913 488 et
1936 462 2067 487 victualia
2087 470 2158 487 con-

298 514 409 538 ventus.
427 513 467 539 De
482 514 662 547 reliquarum
679 523 743 541 vero
758 524 939 542 camerarum
955 518 983 542 et
998 517 1123 541 aliorum
1140 516 1269 541 locorum
1285 515 1470 548 dispositione
1485 515 1512 539 et
1527 513 1710 539 ordinatione
1727 513 1835 545 prioris,
1852 512 2010 544 supprioris
2024 513 2052 536 et
2068 511 2158 536 trium

297 561 497 587 discretiorum
513 563 599 588 studii
616 564 803 590 conscientias
817 573 981 590 oneramus.

386 610 442 644 (18)
463 611 489 636 Si
512 611 577 644 quis
592 620 657 637 vero
677 613 711 638 de
732 614 835 639 nostris
857 614 993 639 fratribus
1012 615 1039 639 et
1059 613 1214 639 scolaribus
1235 613 1264 637 iu
1287 612 1362 637 dicta
1384 612 1473 636 domo
1496 612 1592 636 nostra
1614 610 1771 638 decesserit,
1789 610 1966 635 obsecrantes
1986 609 2015 633 in
2033 608 2159 633 Domino

296 667 398 684 omnes
412 661 440 684 et
454 659 583 692 singulos
602 661 710 687 ibidem
731 662 878 688 studentes
897 663 1087 688 exhortamur
1106 663 1251 694 quatenus
1270 660 1418 686 decedenti
1434 662 1462 685 et
1481 659 1619 684 defuncto
1640 658 1719 684 fratri
1740 658 1769 683 iu
1789 658 1930 690 suffragiis
1950 657 2157 690 spiritualibus,

296 708 471 740 psalmodiis,
495 709 674 735 orationibus
697 712 725 736 et
754 711 844 736 missis
874 712 904 736 in
926 713 1022 736 nostro
1044 711 1151 736 Ordine
1179 710 1322 735 consuetis
1341 709 1402 734 fieri
1422 709 1466 741 pie
1494 707 1698 740 compassionis
1716 707 1820 732 affectu
1849 706 2033 738 benignaque
2057 707 2158 731 frater-

297 756 386 782 nitate
401 757 575 783 assistant....
598 759 650 784 Res
669 761 767 785 autem
787 762 816 785 et
835 760 910 785 bona
930 760 1028 785 omnia
1048 759 1177 792 ejusdem
1198 758 1353 783 statuimus
1372 757 1451 790 quod
1466 757 1502 782 ad
1518 764 1622 781 manus
1636 756 1738 788 prioris
1752 757 1780 781 et
1795 755 1952 788 supprioris
1966 755 2040 780 dicte
2055 755 2160 779 domus

296 806 393 831 nostre
413 806 455 830 vel
475 806 570 838 priore
589 807 705 833 absente
722 809 758 833 ad
778 817 884 834 manus
903 809 1060 842 supprioris
1079 810 1107 833 et
1121 808 1250 833 duorum
1270 807 1460 832 discretorum
1481 805 1587 830 domus
1605 806 1633 830 et
1653 804 1800 830 seniorum
1822 804 1985 832 deveniant,
2002 803 2037 828 ab
2052 803 2159 828 eisdem

297 854 420 879 fideliter
434 854 610 881 observanda
629 858 657 882 et
677 865 727 890 per
746 858 861 883 eosdem
881 857 1060 891 disponenda
1080 857 1138 882 vice
1157 858 1185 882 et
1200 856 1371 881 auctoritate
1392 856 1487 880 nostra
1503 862 1554 886 per
1569 854 1649 879 hunc
1664 853 1788 878 modum
1803 861 1808 877 ε
1826 852 1972 885 Imprimis
1988 852 2059 877 sacta
2074 852 2159 884 plena

295 903 323 927 et
336 904 472 935 prompta
488 904 670 931 restitutione
685 906 827 931 librorum
850 906 918 932 locis
937 908 965 931 et
986 906 1113 939 personis
1134 906 1319 937 receptorum
1338 903 1466 936 precario
1482 903 1525 928 vel
1542 910 1575 928 ex
1594 902 1780 927 accomodato
1799 901 1835 926 ab
1854 901 1916 934 ipso
1934 901 2071 926 defuncto
2086 900 2158 925 dum

296 951 410 979 viveret,
426 952 562 978 volumus
576 954 656 986 quod
671 954 706 980 de
722 955 853 987 pecunia,
871 955 892 980 si
909 955 1005 982 fuerit,
1023 955 1064 980 vel
1081 954 1160 979 libris
1175 955 1203 979 et
1217 953 1278 978 aliis
1293 953 1379 978 rebus
1395 952 1529 980 inventis,
1546 951 1567 976 si
1583 959 1639 984 que
1654 950 1785 979 debebat,
1802 950 1950 975 solvantur
1966 949 2115 975 funeralia.
2132 950 2160 974 ‹=t

295 1002 461 1032 opportuna
486 1009 538 1034 pro
561 1003 745 1028 ecclesiastica
770 1004 964 1036 sepultura...
988 1005 1134 1029 emantur.
1161 1002 1274 1035 Quibus
1297 1001 1427 1034 peractis,
1451 1000 1471 1025 si
1495 1000 1602 1025 suerint
1624 999 1714 1032 aliqui
1737 999 1801 1023 libri
1824 999 2014 1025 remanentes.
2038 997 2161 1030 exceptis

295 1048 486 1075 decretalibus
506 1051 535 1075 et
556 1051 676 1077 decretis
698 1053 794 1078 nostre
816 1054 844 1077 et.
868 1060 1064 1078 successorum
1087 1053 1256 1077 nostrorum
1280 1049 1459 1083 dispositioni
1483 1048 1668 1076 reservandis.
1689 1055 1736 1073 eos
1757 1048 1893 1073 volumus
1912 1047 1947 1072 ad
1969 1054 2159 1072 communem

296 1105 383 1122 usum
404 1100 564 1125 conventus
583 1100 736 1126 scolarium
756 1101 831 1126 dicte
850 1101 956 1127 domus
975 1103 1070 1126 nostre
1091 1101 1231 1133 perpetuo
1250 1106 1408 1125 remanere.
1431 1098 1524 1123 Vestes
1538 1099 1637 1123 autem
1653 1098 1681 1122 et
1695 1097 1750 1122 alia
1769 1096 1939 1129 hujusmodi
1954 1095 2030 1120 bona
2049 1095 2159 1127 reliqua

294 1145 371 1172 inter
393 1147 492 1173 fratres
515 1148 664 1174 studentes
686 1151 802 1181 egentes
806 1170 858 1174 .....
882 1150 960 1182 juste
983 1151 1012 1175 et
1036 1150 1160 1175 fideliter
1183 1148 1360 1176 dividantur,
1387 1147 1430 1172 vel
1454 1146 1630 1180 pauperibus
1653 1146 1809 1177 erogentur
1833 1152 1886 1178 pro
1909 1144 2037 1170 remedio
2063 1143 2160 1169 anime

294 1195 467 1221 decedentis.

384 1244 441 1279 (19)
461 1245 544 1274 Item,
558 1246 642 1279 juxta
657 1247 816 1280 antiquum
832 1249 975 1273 statutum
992 1247 1178 1280 precipimus,
1195 1246 1275 1279 quod
1291 1246 1391 1271 nullus
1406 1244 1518 1270 scolaris
1532 1244 1568 1269 de
1583 1243 1690 1268 Ordine
1706 1244 1804 1268 nostro
1818 1244 1896 1268 extra
1911 1242 2018 1267 dictam
2034 1242 2159 1266 domum

296 1295 435 1321 nostram.
452 1302 510 1327 que
529 1294 635 1320 domus
655 1296 808 1321 scolarium
828 1296 1063 1322 Cluniacensium
1084 1295 1282 1321 communiter
1298 1294 1418 1319 Parisius
1437 1293 1609 1326 appellatur,
1627 1292 1740 1317 studere
1760 1293 1788 1316 et
1807 1291 1913 1316 morari
1934 1292 2081 1324 presumat
2100 1290 2160 1315 sine

296 1343 391 1367 nostra
407 1344 434 1367 et
450 1351 645 1369 successorum
663 1346 829 1370 nostrorum
846 1345 959 1370 licentia
975 1345 1098 1377 speciali,
1115 1345 1259 1369 statutum
1275 1343 1433 1376 antiquum
1450 1342 1479 1367 in
1496 1343 1595 1366 nostro
1617 1341 1725 1365 Ordine
1740 1340 1910 1365 innovantes
1930 1339 2106 1367 inhibemus,
2124 1346 2160 1364 ne

296 1390 386 1424 aliqui
402 1391 510 1424 priores
524 1392 639 1418 Ordinis
655 1394 743 1418 nostri
759 1394 905 1427 aliquibus
920 1394 1079 1421 monachis.
1098 1392 1297 1418 mansionariis
1311 1399 1414 1417 eorum
1434 1399 1483 1416 seu
1499 1390 1681 1415 morantibus
1695 1389 1773 1422 apud
1789 1389 1872 1422 ipsos,
1889 1388 1939 1421 qui
1956 1390 2054 1413 tamen
2070 1387 2160 1413 nostri

296 1441 325 1464 et
339 1440 452 1465 ecclesie
468 1442 564 1466 nostre
583 1441 765 1467 Cluniacensi
785 1443 950 1468 obedientes
970 1442 1094 1467 existunt
1112 1443 1140 1467 et
1156 1441 1282 1474 professi,
1299 1440 1445 1466 licentiam
1466 1438 1601 1464 studendi
1620 1438 1725 1463 alicubi
1741 1438 1770 1462 in
1785 1438 1882 1470 aliqua
1903 1437 2037 1462 facultate
2051 1436 2118 1461 dare
2132 1437 2161 1461 et

296 1488 451 1513 concedere
467 1492 637 1521 presumant
652 1490 713 1516 sine
728 1493 825 1516 nostra
840 1493 868 1516 et
883 1498 1079 1516 successorum
1095 1491 1262 1515 nostrorum
1279 1489 1392 1514 licentia
1408 1488 1530 1521 speciali.

384 1541 440 1569 (20)
460 1538 543 1566 Item,
557 1538 640 1570 juxta
660 1539 818 1572 antiquum
839 1541 982 1565 statutum
1004 1539 1033 1564 in
1050 1540 1147 1564 nostro
1167 1538 1274 1563 Ordine
1294 1537 1479 1570 precipimus,
1496 1536 1576 1569 quod
1592 1536 1691 1560 nullus
1706 1535 1741 1560 de
1756 1535 1863 1560 Ordine
1878 1534 1991 1559 studeat
2010 1533 2115 1558 amodo
2130 1532 2160 1558 in

293 1585 360 1618 jure
375 1586 513 1611 canonico
536 1587 589 1612 nisi
612 1587 641 1612 in
657 1588 747 1613 attero
762 1588 797 1614 de
817 1589 884 1614 locis
898 1588 1095 1621 infrascriptis,
1121 1587 1250 1612 videlicet
1271 1586 1441 1614 Aurelianis,
1464 1585 1572 1614 Tolose,
1594 1585 1625 1609 in
1646 1583 1894 1616 Montepessulano
1916 1584 1944 1608 et
1967 1582 2116 1609 Arinione,
2133 1583 2162 1607 et

296 1635 368 1660 tunc
383 1642 443 1659 non
461 1635 514 1660 nisi
528 1635 564 1661 de
579 1638 676 1662 nostra
695 1639 723 1662 et
743 1645 938 1663 successorum
956 1639 1123 1662 nostrorum
1145 1636 1258 1661 lieentia
1279 1635 1391 1668 speciali
1401 1634 1432 1663 ⁵⁷⁴,
1450 1635 1483 1659 ut
1497 1635 1539 1659 est
1553 1633 1676 1659 dictum.
1693 1633 1859 1658 ordinantes
1874 1631 1954 1664 quod
1969 1631 2116 1656 studentes
2130 1630 2161 1655 in

296 1683 371 1708 dicta
387 1683 532 1712 facultate,
549 1684 570 1709 si
586 1685 621 1710 sit
636 1685 777 1718 possibile,
794 1686 913 1711 insimul
929 1687 1159 1712 commorentur.
1179 1692 1237 1709 non
1252 1684 1376 1710 divisim.
1394 1683 1436 1708 vel
1452 1683 1553 1708 saltem
1569 1682 1598 1707 in
1615 1681 1744 1714 hospitiis
1758 1681 1903 1713 contiguis
1917 1682 1945 1706 et
1959 1680 2066 1705 vicinis.

390 1771 562 1795 Bibliotheca
580 1772 782 1801 Cluniacensis‚
798 1773 838 1795 ed.
857 1773 967 1795 Mari-ier
982 1776 1007 1795 et
1022 1772 1157 1795 Duehesne
1174 1771 1277 1801 (Pm-is..
1294 1772 1373 1801 1614),
1390 1771 1457 1793 inter
1473 1771 1576 1792 Statuta
1591 1768 1775 1793 Cluniacensia
1800 1768 1825 1790 in
1844 1771 1956 1799 quatuor
1971 1770 2059 1798 partes
2076 1766 2162 1789 divisa

297 1816 334 1845 (p.
351 1815 429 1844 1542),
446 1819 522 1846 purte
537 1819 640 1846 quarta,
666 1825 692 1848 p.
714 1817 773 1839 1578
790 1825 847 1848 sqq.
864 1817 985 1843 Bulaeus,
1004 1817 1045 1846 lv,
1062 1817 1106 1839 '122
1122 1825 1178 1847 sqq.
1197 1815 1321 1842 Fe'libien,
1338 1815 1408 1839 Hist.
1426 1816 1458 1838 de
1473 1814 1501 1837 la
1516 1814 1583 1838 ville
1602 1815 1633 1837 de
1652 1814 1747 1840 Paris,
1772 1813 1815 1840 111,
1839 1813 1955 1835 280-285.
1980 1812 2047 1834 llaec
2063 1814 2162 1834 statuta

299 1859 403 1882 condita
419 1863 480 1882 sunt
496 1860 562 1883 inter
577 1869 659 1883 annos
674 1861 734 1883 1309
749 1864 774 1883 et
792 1862 858 1889 1319,
877 1870 936 1883 nam
957 1861 1040 1883 abbas
1058 1861 1183 1883 Heni-icus
1201 1860 1241 1889 (de
1265 1859 1432 1888 Fautriervs),
1457 1858 1501 1889 qui
1526 1861 1602 1880 autea
1624 1858 1697 1888 prior
1723 1857 1771 1880 fuit
1792 1857 1925 1887 prioratus
1950 1856 1981 1878 de
1997 1855 2160 1879 Priterwella

297 1903 478 1933 (Prittlewell),
497 1905 570 1927 Clun.
589 1904 661 1931 Ord„
679 1906 793 1928 London.
811 1905 902 1933 dioee.,
921 1909 945 1928 et
961 1905 1067 1928 Ordinis
1083 1908 1238 1936 procurator
1250 1904 1275 1926 in
1291 1905 1407 1927 Romana
1420 1903 1501 1929 curia,
1520 1903 1552 1925 ab
1566 1902 1723 1925 electoribus
1740 1901 1765 1923 in
1782 1901 1903 1923 abbatem
1920 1900 2036 1923 Cluniae.
2053 1900 2160 1926 electus,

297 1956 339 1971 an.
359 1948 428 1976 1309,
445 1949 527 1979 April.
544 1950 567 1980 6,
584 1957 599 1971 a
615 1949 745 1972 Clemente
762 1950 781 1972 V
795 1950 964 1972 confir-imitus
980 1953 1020 1972 est
1035 1950 1110 1979 (Κεφ
1127 1949 1209 1973 Cle-m.
1227 1955 1315 1978 papae
1335 1948 1363 1975 Γ,
1380 1955 1450 1971 curu
1469 1948 1599 1971 monach.
1618 1947 1682 1970 Ord.
1710 1947 1737 1969 S.
1760 1947 1802 1975 B.,
1820 1954 1861 1968 an.
1886 1945 1926 1972 1v,
1954 1949 1981 1966 11⁰
2004 1945 2077 1970 386&
2098 1944 2160 1973 Reg.

297 1992 364 2019 vam,
377 2001 417 2023 ep.
435 1994 499 2022 2012).
511 1994 557 2016 An.
571 1994 631 2016 1319
647 1997 739 2024 sponte
754 1994 834 2017 cessit
848 1994 969 2025 regimini
986 1994 1138 2016 monasterii
1153 1997 1178 2016 et
1191 1993 1272 2024 April.
1290 1993 1318 2015 22
1334 1994 1416 2015 sactus
1429 1995 1468 2014 est
1483 1991 1622 2022 episeopus
1639 1991 1664 2013 S.
1682 1990 1752 2013 Flori
1768 1991 1839 2020 (Reg.
1856 1989 1968 2012 Johann.
1986 1989 2061 2015 XXII,
2080 1996 2120 2010 an.
2136 1989 2157 2015 3,

296 2044 338 2067 ep.
356 2038 419 2066 597).
437 2037 466 2060 Ei
482 2037 508 2060 in
528 2037 656 2068 regimine
671 2039 822 2061 monasterii
842 2047 909 2061 anno
929 2039 1028 2067 eodem,
1045 2038 1127 2069 April.
1148 2039 1184 2065 tss,
1203 2037 1380 2068 Raymundus,
1407 2039 1482 2059 antea
1502 2035 1585 2058 abbas
1610 2035 1809 2061 psalmodians„
1832 2033 1958 2057 successit
1980 2034 2051 2063 (Reg.
2078 2034 2156 2055 Aven.

296 2081 423 2104 Johannis
440 2082 515 2109 XXII,
532 2082 584 2105 vol.
601 2083 628 2110 X,
647 2083 691 2105 sol.
706 2083 786 2111 3311‘).

391 2166 413 2188 ’1.
428 2166 503 2195 Sap„
519 2173 565 2194 vlt,
585 2167 622 2188 26.
642 2180 660 2183 -—
676 2168 698 2189 ⁶2.
714 2167 779 2190 lbid.
798 2181 825 2184 —
841 2168 863 2190 3.
883 2167 958 2193 thid..
976 2175 1034 2194 vm,
1051 2168 1073 2189 lo.
1091 2181 1121 2183 —
1135 2168 1158 2189 [1.
1175 2167 1214 2189 Gr.
1232 2166 1326 2193 Helm,
1343 2173 1366 2191 v,
1383 2166 1420 2188 12.
1451 2179 1465 2181 -
1482 2167 1503 2187 5.
1522 2164 1673 2187 Aristoteles
1689 2164 1721 2185 ad
1738 2163 1897 2190 Nicomach.,
1914 2163 1944 2189 II,
1963 2162 1983 2189 1,
2001 2162 2041 2184 ed.
2060 2162 2159 2184 Bekker

298 2210 367 2237 1103,
385 2210 430 2232 33:
448 2210 626 2240 οἰκοδομοῦντες.
641 2211 764 2239 οἶκοὸὀμοι
780 2212 893 2242 γίνονται.
910 2225 940 2229 —
954 2213 977 2234 6.
993 2218 1001 2234 1
1017 2212 1085 2238 Pet„
1102 2218 1137 2238 lv,
1156 2211 1192 2233 10Α
1210 2225 1240 2228 —
1255 2211 1277 2233 7.
1297 2211 1386 2236 Ρνου.,
1405 2217 1438 2235 XI,
1457 2210 1478 2231 2.
1492 2222 1519 2225 —
1533 2209 1555 2230 8.
1571 2209 1599 2230 V.
1616 2208 1683 2230 infra
1700 2212 1727 2229 n⁰
1741 2208 1809 2234 1188,
1826 2210 1877 2229 not.
1895 2208 1916 2229 8.
1937 2221 1955 2222 νὴ
1969 2208 1991 2228 9.
2010 2206 2084 2235 Rey„
2102 2214 2123 2228 c.
2136 2208 2159 2228 5.

298 2267 327 2270 —
346 2254 383 2276 10.
400 2254 428 2276 V.
447 2262 528 2284 supra
550 2258 578 2276 11⁰
601 2255 669 2277 1186.
695 2269 721 2272 ἡ
749 2256 785 2278 11.
809 2256 878 2279 Bibl.
894 2264 898 2278 z
926 2267 936 2276 ιι
962 2256 1096 2278 reddimus
1113 2264 1133 2278 ³).
1155 2269 1184 2271 —-
1202 2255 1238 2277 12.
1264 2254 1302 2277 Cf.
1326 2254 1487 2278 Aristoteles,
1504 2253 1669 2282 Metaplzys„
1688 2253 1706 2276 1.
1726 2252 1744 2279 1,
1762 2251 1833 2275 9811’.
1850 2252 1887 2274 20.
1913 2265 1928 2267 —
1948 2251 1981 2273 13.
2000 2251 2026 2273 V.
2044 2255 2072 2272 11ῡ
2089 2251 2157 2272 1186.

305 2414 326 2450 l
338 2414 444 2451 188.
470 2425 596 2451 STATUTA
612 2425 826 2451 UNIVERSITATIS
843 2427 1015 2452 PAmsn-:xffls
1030 2435 1066 2451 m:
1082 2434 1186 2452 oaomr.
1202 2434 1331 2451 LEGENDI.

394 2515 496 2537 Statuta
512 2515 647 2546 sequentia
668 2516 799 2538 facultatis
822 2516 968 2547 theologiae
984 2516 1133 2547 antiquiora
1154 2518 1214 2538 sunt
1233 2523 1320 2546 quam⁷
1346 2523 1411 2545 quae
1432 2519 1460 2536 11ο
1485 2514 1545 2536 1189
1567 2513 1678 2535 edimus.
1700 2512 1752 2534 IIoc
1775 2511 1899 2542 colligere
1921 2511 1999 2533 debes
2021 2519 2034 2533 e
2052 2510 2084 2532 11³⁸
2100 2511 2157 2540 (10),

300 2558 358 2587 (11),
371 2559 418 2588 (13)
430 2562 455 2581 et
470 2559 537 2582 notis
553 2559 586 2582 ad
601 2559 648 2582 hos
663 2568 792 2583 numeros.
806 2561 823 2583 E
840 2565 868 2583 n⁰
885 2561 931 2589 (10)
947 2560 1137 2587 concludimus,
1155 2560 1218 2582 ham·
1234 2563 1331 2582 statuta
1348 2559 1395 2581 hae
1413 2560 1494 2581 forma
1511 2566 1560 2580 non
1577 2561 1634 2580 ante
1651 2565 1691 2579 au.
1712 2557 1768 2579 13:35
1785 2556 1888 2578 condita
1904 2564 1968 2578 esse.
1987 2555 2054 2577 Nihil
2072 2555 2160 2577 obstat

300 2602 362 2633 quin
382 2603 445 2625 haee
461 2603 539 2626 etium
555 2607 681 2634 quantum
696 2604 728 2627 ad
745 2607 843 2627 statuta
858 2613 906 2636 pro
922 2605 1065 2627 eanonistis
1081 2608 1106 2627 et:
1124 2604 1225 2627 anisnis
1242 2612 1303 2627 vera
1320 2603 1380 2626 sint.
1403 2604 1440 2625 Ex
1455 2611 1504 2633 quo
1521 2602 1638 2632 sequitur
1654 2601 1777 2624 Carolum
1802 2600 1909 2624 Thurot.
1933 2600 1972 2623 De
1990 2598 2158 2629 l'orya‘nisa-

301 2646 359 2670 εἰοη
382 2648 415 2670 (le
439 2647 670 2678 l'enseiqnemem.
691 2651 749 2675 οἱα,
773 2657 799 2679 p.
824 2649 878 2675 135,
902 2653 964 2677 nat.,
989 2649 1052 2672 haec
1074 2652 1172 2671 statuta
1196 2649 1228 2671 ad
1251 2648 1359 2671 eandem
1385 2650 1496 2670 aetatem
1521 2655 1550 2669 ac
1571 2649 1668 2669 statuta
1685 2649 1712 2667 11ο
1730 2645 1787 2667 1189
1803 2645 1871 2667 edita
1893 2645 2047 2667 referentem
2064 2652 2079 2666 a
2094 2651 2155 2666 vero

301 2691 432 2714 ahenam.
918 2726 1026 2758 ltegule
1041 2726 1172 2758 speciales
1185 2732 1238 2758 pro
1253 2724 1382 2758 qualibet
1395 2723 1539 2749 facultate.

1010 2794 1043 2818 Et
1063 2793 1154 2825 primo
1175 2800 1228 2824 pro
1252 2791 1382 2825 theoloyis
1397 2790 1446 2825 (a).

390 2857 440 2882 Hic
463 2859 627 2890 sequuntur
648 2859 746 2892 regule
768 2866 818 2884 seu
838 2859 1060 2885 consuetudines
1082 2860 1133 2884 aut
1155 2859 1261 2884 statuta
1283 2858 1429 2883 observata
1448 2857 1483 2882 ab
1505 2856 1628 2889 antiquo
1650 2857 1780 2888 tempore
1799 2854 1829 2880 in
1852 2853 2006 2880 venerabili
2026 2854 2162 2880 facultate

303 2905 457 2938 theologie.
