<?xml version="1.0" encoding="UTF-8"?>
<!DOCTYPE html PUBLIC "-//W3C//DTD XHTML 1.0 Transitional//EN"
    "http://www.w3.org/TR/xhtml1/DTD/xhtml1-transitional.dtd">
<html xmlns="http://www.w3.org/1999/xhtml" xml:lang="en" lang="en">
 <head>
  <title>
</title>
<meta http-equiv="Content-Type" content="text/html;charset=utf-8" />
  <meta name='ocr-system' content='tesseract 3.04.00' />
  <meta name='ocr-capabilities' content='ocr_page ocr_carea ocr_par ocr_line ocrx_word'/>
</head>
<body>
  <div class='ocr_page' id='page_1' title='image "./chartulariumuniv02univuoft_0289.png"; bbox 0 0 2534 3444; ppageno 0'>
   <div class='ocr_carea' id='block_1_1' title="bbox 309 343 2172 382">
    <p class='ocr_par' dir='ltr' id='par_1_1' title="bbox 309 343 2172 382">
     <span class='ocr_line' id='line_1_1' title="bbox 309 343 2172 382; baseline -0.001 -3"><span class='ocrx_word' id='word_1_1' title='bbox 309 343 404 380; x_wconf 90' lang='lat'><strong>1322]</strong></span> <span class='ocrx_word' id='word_1_2' title='bbox 714 354 760 376; x_wconf 72' lang='lat' dir='ltr'>AB</span> <span class='ocrx_word' id='word_1_3' title='bbox 794 354 899 376; x_wconf 65' lang='lat' dir='ltr'>Auno</span> <span class='ocrx_word' id='word_1_4' title='bbox 933 353 1166 376; x_wconf 75' lang='lat' dir='ltr'>MCCLxxxw</span> <span class='ocrx_word' id='word_1_5' title='bbox 1201 353 1332 382; x_wconf 80' lang='lat' dir='ltr'><strong>USQUE</strong></span> <span class='ocrx_word' id='word_1_6' title='bbox 1367 353 1414 375; x_wconf 71' lang='lat' dir='ltr'>AD</span> <span class='ocrx_word' id='word_1_7' title='bbox 1444 353 1583 375; x_wconf 70' lang='lat' dir='ltr'>ANNUM</span> <span class='ocrx_word' id='word_1_8' title='bbox 1618 354 1758 376; x_wconf 61' lang='lat' dir='ltr'>mecei„</span> <span class='ocrx_word' id='word_1_9' title='bbox 2107 346 2172 379; x_wconf 84' lang='lat'>259</span> 
     </span>
    </p>
   </div>
   <div class='ocr_carea' id='block_1_2' title="bbox 304 426 2184 2860">
    <p class='ocr_par' dir='ltr' id='par_1_2' title="bbox 304 426 2177 1269">
     <span class='ocr_line' id='line_1_2' title="bbox 307 426 2172 475; baseline -0.001 -13"><span class='ocrx_word' id='word_1_10' title='bbox 307 429 543 475; x_wconf 84' lang='lat' dir='ltr'>quadraginta</span> <span class='ocrx_word' id='word_1_11' title='bbox 578 427 717 461; x_wconf 91' lang='lat' dir='ltr'>solidos</span> <span class='ocrx_word' id='word_1_12' title='bbox 751 427 944 472; x_wconf 81' lang='lat' dir='ltr'>parisiens.</span> <span class='ocrx_word' id='word_1_13' title='bbox 982 428 1025 459; x_wconf 89' lang='lat' dir='ltr'>Et</span> <span class='ocrx_word' id='word_1_14' title='bbox 1050 433 1186 459; x_wconf 89' lang='lat' dir='ltr'>tantum</span> <span class='ocrx_word' id='word_1_15' title='bbox 1216 426 1325 459; x_wconf 87' lang='lat' dir='ltr'>solvit</span> <span class='ocrx_word' id='word_1_16' title='bbox 1354 426 1432 470; x_wconf 87' lang='lat' dir='ltr'>ipse</span> <span class='ocrx_word' id='word_1_17' title='bbox 1461 426 1617 470; x_wconf 81' lang='lat' dir='ltr'>loquens</span> <span class='ocrx_word' id='word_1_18' title='bbox 1648 433 1685 459; x_wconf 90' lang='lat' dir='ltr'>ut</span> <span class='ocrx_word' id='word_1_19' title='bbox 1714 426 1812 459; x_wconf 89' lang='lat' dir='ltr'>dicit.</span> <span class='ocrx_word' id='word_1_20' title='bbox 1849 428 2098 471; x_wconf 69' lang='lat' dir='ltr'>Interrogatus</span> <span class='ocrx_word' id='word_1_21' title='bbox 2128 428 2172 461; x_wconf 89' lang='lat' dir='ltr'>de</span> 
     </span>
     <span class='ocr_line' id='line_1_3' title="bbox 306 492 2172 538; baseline -0.001 -10"><span class='ocrx_word' id='word_1_22' title='bbox 306 494 575 528; x_wconf 85' lang='lat' dir='ltr'>infirmitatibus</span> <span class='ocrx_word' id='word_1_23' title='bbox 602 494 646 526; x_wconf 90' lang='lat' dir='ltr'>de</span> <span class='ocrx_word' id='word_1_24' title='bbox 671 493 804 538; x_wconf 92' lang='lat' dir='ltr'>quibus</span> <span class='ocrx_word' id='word_1_25' title='bbox 830 500 884 526; x_wconf 91' lang='lat' dir='ltr'>est</span> <span class='ocrx_word' id='word_1_26' title='bbox 910 493 1014 526; x_wconf 89' lang='lat' dir='ltr'>solita</span> <span class='ocrx_word' id='word_1_27' title='bbox 1041 505 1167 525; x_wconf 92' lang='lat' dir='ltr'>curare</span> <span class='ocrx_word' id='word_1_28' title='bbox 1193 504 1262 537; x_wconf 92' lang='lat' dir='ltr'>que</span> <span class='ocrx_word' id='word_1_29' title='bbox 1288 499 1384 533; x_wconf 90' lang='lat' dir='ltr'>sunt,</span> <span class='ocrx_word' id='word_1_30' title='bbox 1412 492 1611 536; x_wconf 83' lang='lat' dir='ltr'>respondet</span> <span class='ocrx_word' id='word_1_31' title='bbox 1636 492 1733 536; x_wconf 88' lang='lat' dir='ltr'>quod</span> <span class='ocrx_word' id='word_1_32' title='bbox 1759 492 1803 524; x_wconf 92' lang='lat' dir='ltr'>de</span> <span class='ocrx_word' id='word_1_33' title='bbox 1823 492 1890 525; x_wconf 92' lang='lat' dir='ltr'>hoc</span> <span class='ocrx_word' id='word_1_34' title='bbox 1913 493 2068 537; x_wconf 76' lang='lat' dir='ltr'>ignorat,</span> <span class='ocrx_word' id='word_1_35' title='bbox 2090 494 2172 538; x_wconf 85' lang='lat' dir='ltr'>quia</span> 
     </span>
     <span class='ocr_line' id='line_1_4' title="bbox 306 558 2173 607; baseline -0.001 -13"><span class='ocrx_word' id='word_1_36' title='bbox 306 562 430 607; x_wconf 88' lang='lat' dir='ltr'>plures</span> <span class='ocrx_word' id='word_1_37' title='bbox 460 567 555 593; x_wconf 90' lang='lat' dir='ltr'>sunt.</span> <span class='ocrx_word' id='word_1_38' title='bbox 589 559 800 604; x_wconf 88' lang='lat' dir='ltr'>Requisitus</span> <span class='ocrx_word' id='word_1_39' title='bbox 830 559 916 603; x_wconf 90' lang='lat' dir='ltr'>quid</span> <span class='ocrx_word' id='word_1_40' title='bbox 947 559 1037 592; x_wconf 85' lang='lat' dir='ltr'>sciat</span> <span class='ocrx_word' id='word_1_41' title='bbox 1064 559 1107 591; x_wconf 91' lang='lat' dir='ltr'>de</span> <span class='ocrx_word' id='word_1_42' title='bbox 1135 558 1316 591; x_wconf 87' lang='lat' dir='ltr'>contentis</span> <span class='ocrx_word' id='word_1_43' title='bbox 1344 558 1381 590; x_wconf 90' lang='lat' dir='ltr'>in</span> <span class='ocrx_word' id='word_1_44' title='bbox 1408 558 1540 591; x_wconf 91' lang='lat' dir='ltr'>ceteris</span> <span class='ocrx_word' id='word_1_45' title='bbox 1567 558 1743 599; x_wconf 71' lang='lat' dir='ltr'>articulis,</span> <span class='ocrx_word' id='word_1_46' title='bbox 1768 558 1958 602; x_wconf 86' lang='lat' dir='ltr'>respondit</span> <span class='ocrx_word' id='word_1_47' title='bbox 1978 559 2074 602; x_wconf 87' lang='lat' dir='ltr'>quod</span> <span class='ocrx_word' id='word_1_48' title='bbox 2096 560 2173 604; x_wconf 89' lang='lat' dir='ltr'>ipsa</span> 
     </span>
     <span class='ocr_line' id='line_1_5' title="bbox 305 624 2171 671; baseline -0.002 -11"><span class='ocrx_word' id='word_1_49' title='bbox 305 627 435 661; x_wconf 88' lang='lat' dir='ltr'>Jacoba</span> <span class='ocrx_word' id='word_1_50' title='bbox 462 627 580 671; x_wconf 90' lang='lat' dir='ltr'>ipsum</span> <span class='ocrx_word' id='word_1_51' title='bbox 609 625 768 659; x_wconf 88' lang='lat' dir='ltr'>visitavit</span> <span class='ocrx_word' id='word_1_52' title='bbox 794 625 946 670; x_wconf 80' lang='lat' dir='ltr'>pluries,</span> <span class='ocrx_word' id='word_1_53' title='bbox 975 631 1011 658; x_wconf 90' lang='lat' dir='ltr'>et</span> <span class='ocrx_word' id='word_1_54' title='bbox 1037 625 1181 666; x_wconf 89' lang='lat' dir='ltr'>melius,</span> <span class='ocrx_word' id='word_1_55' title='bbox 1211 631 1250 658; x_wconf 88' lang='lat' dir='ltr'>ut</span> <span class='ocrx_word' id='word_1_56' title='bbox 1276 625 1375 666; x_wconf 83' lang='lat' dir='ltr'>dicit,</span> <span class='ocrx_word' id='word_1_57' title='bbox 1405 636 1509 669; x_wconf 87' lang='lat' dir='ltr'>quam</span> <span class='ocrx_word' id='word_1_58' title='bbox 1536 624 1712 657; x_wconf 80' lang='lat' dir='ltr'>fecissent</span> <span class='ocrx_word' id='word_1_59' title='bbox 1739 624 1869 656; x_wconf 88' lang='lat' dir='ltr'>medici</span> <span class='ocrx_word' id='word_1_60' title='bbox 1894 631 1929 656; x_wconf 90' lang='lat' dir='ltr'>et</span> <span class='ocrx_word' id='word_1_61' title='bbox 1955 624 1998 656; x_wconf 86' lang='lat' dir='ltr'>ad</span> <span class='ocrx_word' id='word_1_62' title='bbox 2026 625 2171 657; x_wconf 87' lang='lat' dir='ltr'>modum</span> 
     </span>
     <span class='ocr_line' id='line_1_6' title="bbox 306 690 2175 737; baseline -0.001 -11"><span class='ocrx_word' id='word_1_63' title='bbox 306 694 528 727; x_wconf 89' lang='lat' dir='ltr'>medicorum</span> <span class='ocrx_word' id='word_1_64' title='bbox 557 693 594 725; x_wconf 93' lang='lat' dir='ltr'>in</span> <span class='ocrx_word' id='word_1_65' title='bbox 622 693 700 737; x_wconf 88' lang='lat' dir='ltr'>ejus</span> <span class='ocrx_word' id='word_1_66' title='bbox 728 692 947 725; x_wconf 84' lang='lat' dir='ltr'>infirmitate.</span> <span class='ocrx_word' id='word_1_67' title='bbox 978 693 1022 724; x_wconf 88' lang='lat' dir='ltr'>Et</span> <span class='ocrx_word' id='word_1_68' title='bbox 1041 692 1086 724; x_wconf 88' lang='lat' dir='ltr'>de</span> <span class='ocrx_word' id='word_1_69' title='bbox 1114 691 1320 724; x_wconf 89' lang='lat' dir='ltr'>infirmitate</span> <span class='ocrx_word' id='word_1_70' title='bbox 1342 691 1495 724; x_wconf 85' lang='lat' dir='ltr'>aliorum</span> <span class='ocrx_word' id='word_1_71' title='bbox 1517 690 1629 723; x_wconf 85' lang='lat' dir='ltr'>nichil</span> <span class='ocrx_word' id='word_1_72' title='bbox 1651 691 1719 723; x_wconf 89' lang='lat' dir='ltr'>scit</span> <span class='ocrx_word' id='word_1_73' title='bbox 1739 690 1810 722; x_wconf 90' lang='lat' dir='ltr'>nisi</span> <span class='ocrx_word' id='word_1_74' title='bbox 1832 690 1876 722; x_wconf 89' lang='lat' dir='ltr'>de</span> <span class='ocrx_word' id='word_1_75' title='bbox 1898 690 2034 723; x_wconf 81' lang='lat' dir='ltr'>auditu.</span> <span class='ocrx_word' id='word_1_76' title='bbox 2059 692 2175 736; x_wconf 81' lang='lat' dir='ltr'>Super</span> 
     </span>
     <span class='ocr_line' id='line_1_7' title="bbox 304 757 2174 805; baseline -0.002 -13"><span class='ocrx_word' id='word_1_77' title='bbox 304 765 432 805; x_wconf 83' lang='lat' dir='ltr'>quarto</span> <span class='ocrx_word' id='word_1_78' title='bbox 457 758 608 792; x_wconf 87' lang='lat' dir='ltr'>articulo</span> <span class='ocrx_word' id='word_1_79' title='bbox 637 759 846 804; x_wconf 77' lang='lat' dir='ltr'>respondet,</span> <span class='ocrx_word' id='word_1_80' title='bbox 875 758 973 803; x_wconf 92' lang='lat' dir='ltr'>quod</span> <span class='ocrx_word' id='word_1_81' title='bbox 1000 757 1093 791; x_wconf 91' lang='lat' dir='ltr'>bene</span> <span class='ocrx_word' id='word_1_82' title='bbox 1119 758 1187 790; x_wconf 90' lang='lat' dir='ltr'>scit</span> <span class='ocrx_word' id='word_1_83' title='bbox 1210 757 1307 802; x_wconf 92' lang='lat' dir='ltr'>quod</span> <span class='ocrx_word' id='word_1_84' title='bbox 1332 757 1410 802; x_wconf 82' lang='lat' dir='ltr'>ipsa</span> <span class='ocrx_word' id='word_1_85' title='bbox 1438 757 1570 790; x_wconf 84' lang='lat' dir='ltr'>Jacoba</span> <span class='ocrx_word' id='word_1_86' title='bbox 1595 757 1665 802; x_wconf 89' lang='lat' dir='ltr'>ipsi</span> <span class='ocrx_word' id='word_1_87' title='bbox 1690 757 1908 789; x_wconf 74' lang='lat' dir='ltr'>ministravit</span> <span class='ocrx_word' id='word_1_88' title='bbox 1932 763 2052 801; x_wconf 85' lang='lat' dir='ltr'>potus,</span> <span class='ocrx_word' id='word_1_89' title='bbox 2074 757 2174 790; x_wconf 74' lang='lat' dir='ltr'>vide-</span> 
     </span>
     <span class='ocr_line' id='line_1_8' title="bbox 305 823 2175 871; baseline -0.001 -12"><span class='ocrx_word' id='word_1_90' title='bbox 305 826 390 859; x_wconf 88' lang='lat' dir='ltr'>licet</span> <span class='ocrx_word' id='word_1_91' title='bbox 410 826 598 871; x_wconf 89' lang='lat' dir='ltr'>quamdam</span> <span class='ocrx_word' id='word_1_92' title='bbox 620 826 693 869; x_wconf 79' lang='lat' dir='ltr'>(sic)</span> <span class='ocrx_word' id='word_1_93' title='bbox 714 825 893 869; x_wconf 87' lang='lat' dir='ltr'>liquorem</span> <span class='ocrx_word' id='word_1_94' title='bbox 919 824 1049 858; x_wconf 90' lang='lat' dir='ltr'>claram</span> <span class='ocrx_word' id='word_1_95' title='bbox 1071 824 1115 857; x_wconf 92' lang='lat' dir='ltr'>de</span> <span class='ocrx_word' id='word_1_96' title='bbox 1137 836 1218 869; x_wconf 89' lang='lat' dir='ltr'>qua,</span> <span class='ocrx_word' id='word_1_97' title='bbox 1241 831 1431 869; x_wconf 84' lang='lat' dir='ltr'>antequam</span> <span class='ocrx_word' id='word_1_98' title='bbox 1453 824 1531 868; x_wconf 92' lang='lat' dir='ltr'>ipse</span> <span class='ocrx_word' id='word_1_99' title='bbox 1552 830 1705 868; x_wconf 86' lang='lat' dir='ltr'>potaret,</span> <span class='ocrx_word' id='word_1_100' title='bbox 1730 823 1808 868; x_wconf 89' lang='lat' dir='ltr'>ipsa</span> <span class='ocrx_word' id='word_1_101' title='bbox 1828 823 1959 856; x_wconf 86' lang='lat' dir='ltr'>Jacoba</span> <span class='ocrx_word' id='word_1_102' title='bbox 1981 835 2045 856; x_wconf 89' lang='lat' dir='ltr'>seu</span> <span class='ocrx_word' id='word_1_103' title='bbox 2065 823 2175 857; x_wconf 85' lang='lat' dir='ltr'>altera</span> 
     </span>
     <span class='ocr_line' id='line_1_9' title="bbox 306 889 2173 937; baseline -0.002 -12"><span class='ocrx_word' id='word_1_104' title='bbox 306 904 371 937; x_wconf 93' lang='lat' dir='ltr'>pro</span> <span class='ocrx_word' id='word_1_105' title='bbox 402 904 442 925; x_wconf 88' lang='lat' dir='ltr'>ea</span> <span class='ocrx_word' id='word_1_106' title='bbox 465 892 612 937; x_wconf 91' lang='lat' dir='ltr'>potavit,</span> <span class='ocrx_word' id='word_1_107' title='bbox 640 891 829 936; x_wconf 80' lang='lat' dir='ltr'>quodque⁶</span> <span class='ocrx_word' id='word_1_108' title='bbox 858 898 934 923; x_wconf 88' lang='lat' dir='ltr'>erat</span> <span class='ocrx_word' id='word_1_109' title='bbox 958 890 1052 923; x_wconf 87' lang='lat' dir='ltr'>clara</span> <span class='ocrx_word' id='word_1_110' title='bbox 1078 897 1113 923; x_wconf 93' lang='lat' dir='ltr'>et</span> <span class='ocrx_word' id='word_1_111' title='bbox 1137 890 1245 932; x_wconf 79' lang='lat' dir='ltr'>bona,</span> <span class='ocrx_word' id='word_1_112' title='bbox 1274 897 1382 935; x_wconf 91' lang='lat' dir='ltr'>prout</span> <span class='ocrx_word' id='word_1_113' title='bbox 1410 890 1552 923; x_wconf 86' lang='lat' dir='ltr'>videtur</span> <span class='ocrx_word' id='word_1_114' title='bbox 1576 890 1658 935; x_wconf 87' lang='lat' dir='ltr'>ipsi.</span> <span class='ocrx_word' id='word_1_115' title='bbox 1690 889 1761 922; x_wconf 90' lang='lat' dir='ltr'>Sed</span> <span class='ocrx_word' id='word_1_116' title='bbox 1787 890 1830 922; x_wconf 86' lang='lat' dir='ltr'>de</span> <span class='ocrx_word' id='word_1_117' title='bbox 1856 889 1936 922; x_wconf 87' lang='lat' dir='ltr'>aliis</span> <span class='ocrx_word' id='word_1_118' title='bbox 1962 889 2073 922; x_wconf 89' lang='lat' dir='ltr'>nichil</span> <span class='ocrx_word' id='word_1_119' title='bbox 2094 890 2173 931; x_wconf 87' lang='lat' dir='ltr'>scit,</span> 
     </span>
     <span class='ocr_line' id='line_1_10' title="bbox 307 956 2175 1003; baseline -0.002 -12"><span class='ocrx_word' id='word_1_120' title='bbox 307 966 342 992; x_wconf 93' lang='lat' dir='ltr'>et</span> <span class='ocrx_word' id='word_1_121' title='bbox 357 959 496 1000; x_wconf 86' lang='lat' dir='ltr'>[nescit]</span> <span class='ocrx_word' id='word_1_122' title='bbox 512 958 610 1003; x_wconf 90' lang='lat' dir='ltr'>quod</span> <span class='ocrx_word' id='word_1_123' title='bbox 627 958 720 990; x_wconf 85' lang='lat' dir='ltr'>dicta</span> <span class='ocrx_word' id='word_1_124' title='bbox 735 957 867 991; x_wconf 88' lang='lat' dir='ltr'>Jacoba</span> <span class='ocrx_word' id='word_1_125' title='bbox 884 969 923 990; x_wconf 89' lang='lat' dir='ltr'>se</span> <span class='ocrx_word' id='word_1_126' title='bbox 940 957 1105 998; x_wconf 88' lang='lat' dir='ltr'>collocat,</span> <span class='ocrx_word' id='word_1_127' title='bbox 1120 957 1202 1002; x_wconf 89' lang='lat' dir='ltr'>quia</span> <span class='ocrx_word' id='word_1_128' title='bbox 1220 969 1330 1001; x_wconf 89' lang='lat' dir='ltr'>super</span> <span class='ocrx_word' id='word_1_129' title='bbox 1347 956 1517 989; x_wconf 88' lang='lat' dir='ltr'>omnibus</span> <span class='ocrx_word' id='word_1_130' title='bbox 1534 956 1711 989; x_wconf 88' lang='lat' dir='ltr'>residuis⁷</span> <span class='ocrx_word' id='word_1_131' title='bbox 1729 956 1928 1001; x_wconf 86' lang='lat' dir='ltr'>respondet</span> <span class='ocrx_word' id='word_1_132' title='bbox 1944 956 2041 1000; x_wconf 88' lang='lat' dir='ltr'>quod</span> <span class='ocrx_word' id='word_1_133' title='bbox 2064 956 2175 988; x_wconf 91' lang='lat' dir='ltr'>nichil</span> 
     </span>
     <span class='ocr_line' id='line_1_11' title="bbox 307 1023 2176 1069; baseline -0.002 -11"><span class='ocrx_word' id='word_1_134' title='bbox 307 1025 375 1058; x_wconf 90' lang='lat' dir='ltr'>scit</span> <span class='ocrx_word' id='word_1_135' title='bbox 395 1025 465 1058; x_wconf 89' lang='lat' dir='ltr'>nisi</span> <span class='ocrx_word' id='word_1_136' title='bbox 487 1032 666 1069; x_wconf 86' lang='lat' dir='ltr'>quatenus</span> <span class='ocrx_word' id='word_1_137' title='bbox 687 1025 782 1057; x_wconf 91' lang='lat' dir='ltr'>circa</span> <span class='ocrx_word' id='word_1_138' title='bbox 807 1036 888 1057; x_wconf 89' lang='lat' dir='ltr'>eum</span> <span class='ocrx_word' id='word_1_139' title='bbox 916 1024 994 1069; x_wconf 88' lang='lat' dir='ltr'>ipsa</span> <span class='ocrx_word' id='word_1_140' title='bbox 1020 1023 1152 1057; x_wconf 87' lang='lat' dir='ltr'>Jacoba</span> <span class='ocrx_word' id='word_1_141' title='bbox 1176 1024 1244 1056; x_wconf 86' lang='lat' dir='ltr'>fuit</span> <span class='ocrx_word' id='word_1_142' title='bbox 1269 1030 1414 1068; x_wconf 88' lang='lat' dir='ltr'>operata</span> <span class='ocrx_word' id='word_1_143' title='bbox 1439 1030 1474 1056; x_wconf 92' lang='lat' dir='ltr'>et</span> <span class='ocrx_word' id='word_1_144' title='bbox 1499 1030 1607 1068; x_wconf 89' lang='lat' dir='ltr'>prout</span> <span class='ocrx_word' id='word_1_145' title='bbox 1627 1023 1795 1068; x_wconf 84' lang='lat' dir='ltr'>predixit,</span> <span class='ocrx_word' id='word_1_146' title='bbox 1813 1028 1876 1056; x_wconf 80' lang='lat' dir='ltr'>etc.</span> <span class='ocrx_word' id='word_1_147' title='bbox 1906 1024 1994 1055; x_wconf 87' lang='lat' dir='ltr'>Item</span> <span class='ocrx_word' id='word_1_148' title='bbox 2021 1023 2176 1055; x_wconf 89' lang='lat' dir='ltr'>interro-</span> 
     </span>
     <span class='ocr_line' id='line_1_12' title="bbox 306 1090 2177 1137; baseline -0.001 -13"><span class='ocrx_word' id='word_1_149' title='bbox 306 1098 411 1137; x_wconf 87' lang='lat' dir='ltr'>gatus</span> <span class='ocrx_word' id='word_1_150' title='bbox 428 1092 458 1125; x_wconf 90' lang='lat' dir='ltr'>si</span> <span class='ocrx_word' id='word_1_151' title='bbox 480 1092 657 1137; x_wconf 84' lang='lat' dir='ltr'>premissa</span> <span class='ocrx_word' id='word_1_152' title='bbox 679 1091 768 1124; x_wconf 83' lang='lat' dir='ltr'>dixit</span> <span class='ocrx_word' id='word_1_153' title='bbox 788 1103 909 1124; x_wconf 91' lang='lat' dir='ltr'>amore</span> <span class='ocrx_word' id='word_1_154' title='bbox 929 1090 987 1124; x_wconf 89' lang='lat' dir='ltr'>vel</span> <span class='ocrx_word' id='word_1_155' title='bbox 1007 1091 1091 1123; x_wconf 86' lang='lat' dir='ltr'>odio</span> <span class='ocrx_word' id='word_1_156' title='bbox 1113 1097 1173 1123; x_wconf 92' lang='lat' dir='ltr'>aut</span> <span class='ocrx_word' id='word_1_157' title='bbox 1188 1090 1304 1131; x_wconf 88' lang='lat' dir='ltr'>aliter,</span> <span class='ocrx_word' id='word_1_158' title='bbox 1327 1090 1414 1123; x_wconf 85' lang='lat' dir='ltr'>dicit</span> <span class='ocrx_word' id='word_1_159' title='bbox 1430 1091 1749 1135; x_wconf 87' lang='lat' dir='ltr'>perjuramentum</span> <span class='ocrx_word' id='word_1_160' title='bbox 1773 1101 1891 1131; x_wconf 89' lang='lat' dir='ltr'>suum,</span> <span class='ocrx_word' id='word_1_161' title='bbox 1910 1090 2008 1134; x_wconf 86' lang='lat' dir='ltr'>quod</span> <span class='ocrx_word' id='word_1_162' title='bbox 2029 1090 2177 1123; x_wconf 92' lang='lat' dir='ltr'>nonnisi</span> 
     </span>
     <span class='ocr_line' id='line_1_13' title="bbox 307 1156 2177 1203; baseline -0.001 -12"><span class='ocrx_word' id='word_1_163' title='bbox 307 1170 372 1203; x_wconf 90' lang='lat' dir='ltr'>pro</span> <span class='ocrx_word' id='word_1_164' title='bbox 394 1170 481 1203; x_wconf 92' lang='lat' dir='ltr'>pura</span> <span class='ocrx_word' id='word_1_165' title='bbox 502 1158 652 1191; x_wconf 87' lang='lat' dir='ltr'>veritate</span> <span class='ocrx_word' id='word_1_166' title='bbox 674 1157 838 1190; x_wconf 85' lang='lat' dir='ltr'>dicenda.</span> <span class='ocrx_word' id='word_1_167' title='bbox 862 1159 950 1190; x_wconf 88' lang='lat' dir='ltr'>Item</span> <span class='ocrx_word' id='word_1_168' title='bbox 972 1157 1218 1202; x_wconf 86' lang='lat' dir='ltr'>interrogatus</span> <span class='ocrx_word' id='word_1_169' title='bbox 1244 1169 1347 1201; x_wconf 89' lang='lat' dir='ltr'>quam</span> <span class='ocrx_word' id='word_1_170' title='bbox 1371 1163 1507 1201; x_wconf 88' lang='lat' dir='ltr'>partem</span> <span class='ocrx_word' id='word_1_171' title='bbox 1536 1156 1658 1189; x_wconf 86' lang='lat' dir='ltr'>mallet</span> <span class='ocrx_word' id='word_1_172' title='bbox 1683 1156 1848 1189; x_wconf 86' lang='lat' dir='ltr'>obtinere</span> <span class='ocrx_word' id='word_1_173' title='bbox 1875 1156 1911 1188; x_wconf 90' lang='lat' dir='ltr'>in</span> <span class='ocrx_word' id='word_1_174' title='bbox 1937 1156 2031 1189; x_wconf 91' lang='lat' dir='ltr'>dicta</span> <span class='ocrx_word' id='word_1_175' title='bbox 2056 1168 2177 1198; x_wconf 85' lang='lat' dir='ltr'>causa,</span> 
     </span>
     <span class='ocr_line' id='line_1_14' title="bbox 307 1224 818 1269; baseline -0.002 -12"><span class='ocrx_word' id='word_1_176' title='bbox 307 1225 394 1258; x_wconf 89' lang='lat' dir='ltr'>dicit</span> <span class='ocrx_word' id='word_1_177' title='bbox 412 1225 510 1257; x_wconf 89' lang='lat' dir='ltr'>illam</span> <span class='ocrx_word' id='word_1_178' title='bbox 531 1236 600 1269; x_wconf 89' lang='lat' dir='ltr'>que</span> <span class='ocrx_word' id='word_1_179' title='bbox 616 1225 678 1269; x_wconf 87' lang='lat' dir='ltr'>jus</span> <span class='ocrx_word' id='word_1_180' title='bbox 699 1224 818 1257; x_wconf 89' lang='lat' dir='ltr'>habet.</span> 
     </span>
    </p>

    <p class='ocr_par' dir='ltr' id='par_1_3' title="bbox 307 1289 2183 2133">
     <span class='ocr_line' id='line_1_15' title="bbox 395 1289 2179 1335; baseline -0.001 -11"><span class='ocrx_word' id='word_1_181' title='bbox 395 1291 579 1324; x_wconf 88' lang='lat' dir='ltr'>Johannes</span> <span class='ocrx_word' id='word_1_182' title='bbox 601 1291 726 1331; x_wconf 89' lang='lat' dir='ltr'>Faber,</span> <span class='ocrx_word' id='word_1_183' title='bbox 746 1302 975 1323; x_wconf 88' lang='lat' dir='ltr'>commorans</span> <span class='ocrx_word' id='word_1_184' title='bbox 996 1302 1109 1335; x_wconf 84' lang='lat' dir='ltr'>prope</span> <span class='ocrx_word' id='word_1_185' title='bbox 1130 1290 1272 1323; x_wconf 89' lang='lat' dir='ltr'>Turrim</span> <span class='ocrx_word' id='word_1_186' title='bbox 1295 1290 1470 1331; x_wconf 86' lang='lat' dir='ltr'>Parisius,</span> <span class='ocrx_word' id='word_1_187' title='bbox 1492 1289 1594 1322; x_wconf 88' lang='lat' dir='ltr'>testis</span> <span class='ocrx_word' id='word_1_188' title='bbox 1617 1289 1830 1334; x_wconf 79' lang='lat' dir='ltr'>productus,</span> <span class='ocrx_word' id='word_1_189' title='bbox 1851 1295 1930 1330; x_wconf 83' lang='lat' dir='ltr'>etc.,</span> <span class='ocrx_word' id='word_1_190' title='bbox 1954 1290 2011 1322; x_wconf 91' lang='lat' dir='ltr'>die</span> <span class='ocrx_word' id='word_1_191' title='bbox 2033 1290 2179 1324; x_wconf 89' lang='lat' dir='ltr'>veneris</span> 
     </span>
     <span class='ocr_line' id='line_1_16' title="bbox 307 1356 2179 1401; baseline -0.001 -11"><span class='ocrx_word' id='word_1_192' title='bbox 307 1364 389 1391; x_wconf 85' lang='lat' dir='ltr'>ante</span> <span class='ocrx_word' id='word_1_193' title='bbox 423 1359 554 1390; x_wconf 85' lang='lat' dir='ltr'>festum</span> <span class='ocrx_word' id='word_1_194' title='bbox 590 1357 704 1390; x_wconf 88' lang='lat' dir='ltr'>sancti</span> <span class='ocrx_word' id='word_1_195' title='bbox 739 1357 927 1398; x_wconf 83' lang='lat' dir='ltr'>Dionisii⁸,</span> <span class='ocrx_word' id='word_1_196' title='bbox 964 1357 1163 1401; x_wconf 87' lang='lat' dir='ltr'>requisitus</span> <span class='ocrx_word' id='word_1_197' title='bbox 1194 1357 1224 1389; x_wconf 92' lang='lat' dir='ltr'>si</span> <span class='ocrx_word' id='word_1_198' title='bbox 1254 1356 1397 1389; x_wconf 89' lang='lat' dir='ltr'>noverit</span> <span class='ocrx_word' id='word_1_199' title='bbox 1431 1362 1562 1400; x_wconf 86' lang='lat' dir='ltr'>partes,</span> <span class='ocrx_word' id='word_1_200' title='bbox 1599 1361 1678 1397; x_wconf 59' lang='lat' dir='ltr'>etc„</span> <span class='ocrx_word' id='word_1_201' title='bbox 1710 1356 1797 1388; x_wconf 91' lang='lat' dir='ltr'>dicit</span> <span class='ocrx_word' id='word_1_202' title='bbox 1827 1356 1925 1400; x_wconf 88' lang='lat' dir='ltr'>quod</span> <span class='ocrx_word' id='word_1_203' title='bbox 1958 1356 2099 1400; x_wconf 89' lang='lat' dir='ltr'>aliquos</span> <span class='ocrx_word' id='word_1_204' title='bbox 2135 1356 2179 1389; x_wconf 88' lang='lat' dir='ltr'>de</span> 
     </span>
     <span class='ocr_line' id='line_1_17' title="bbox 307 1422 2180 1469; baseline -0.002 -12"><span class='ocrx_word' id='word_1_205' title='bbox 307 1424 492 1469; x_wconf 79' lang='lat' dir='ltr'>magistris</span> <span class='ocrx_word' id='word_1_206' title='bbox 521 1424 564 1456; x_wconf 91' lang='lat' dir='ltr'>de</span> <span class='ocrx_word' id='word_1_207' title='bbox 591 1424 672 1457; x_wconf 90' lang='lat' dir='ltr'>visu</span> <span class='ocrx_word' id='word_1_208' title='bbox 700 1424 813 1465; x_wconf 89' lang='lat' dir='ltr'>novit,</span> <span class='ocrx_word' id='word_1_209' title='bbox 844 1423 985 1468; x_wconf 87' lang='lat' dir='ltr'>aliquos</span> <span class='ocrx_word' id='word_1_210' title='bbox 1012 1435 1099 1464; x_wconf 72' lang='lat' dir='ltr'>non,</span> <span class='ocrx_word' id='word_1_211' title='bbox 1128 1423 1257 1455; x_wconf 89' lang='lat' dir='ltr'>dictam</span> <span class='ocrx_word' id='word_1_212' title='bbox 1284 1434 1371 1455; x_wconf 78' lang='lat' dir='ltr'>vero</span> <span class='ocrx_word' id='word_1_213' title='bbox 1398 1422 1566 1455; x_wconf 89' lang='lat' dir='ltr'>Jacobam</span> <span class='ocrx_word' id='word_1_214' title='bbox 1595 1422 1708 1463; x_wconf 86' lang='lat' dir='ltr'>novit,</span> <span class='ocrx_word' id='word_1_215' title='bbox 1737 1422 1818 1466; x_wconf 90' lang='lat' dir='ltr'>quia</span> <span class='ocrx_word' id='word_1_216' title='bbox 1846 1422 1915 1467; x_wconf 89' lang='lat' dir='ltr'>ipsi</span> <span class='ocrx_word' id='word_1_217' title='bbox 1936 1422 1997 1466; x_wconf 90' lang='lat' dir='ltr'>qui</span> <span class='ocrx_word' id='word_1_218' title='bbox 2018 1422 2180 1467; x_wconf 89' lang='lat' dir='ltr'>loquitur</span> 
     </span>
     <span class='ocr_line' id='line_1_18' title="bbox 308 1488 2181 1534; baseline -0.001 -11"><span class='ocrx_word' id='word_1_219' title='bbox 308 1490 442 1523; x_wconf 90' lang='lat' dir='ltr'>bonum</span> <span class='ocrx_word' id='word_1_220' title='bbox 464 1491 562 1531; x_wconf 84' lang='lat' dir='ltr'>fecit,</span> <span class='ocrx_word' id='word_1_221' title='bbox 580 1497 618 1523; x_wconf 93' lang='lat' dir='ltr'>ut</span> <span class='ocrx_word' id='word_1_222' title='bbox 634 1490 732 1522; x_wconf 90' lang='lat' dir='ltr'>dicit.</span> <span class='ocrx_word' id='word_1_223' title='bbox 752 1490 963 1534; x_wconf 86' lang='lat' dir='ltr'>Requisitus</span> <span class='ocrx_word' id='word_1_224' title='bbox 986 1489 1073 1534; x_wconf 90' lang='lat' dir='ltr'>quid</span> <span class='ocrx_word' id='word_1_225' title='bbox 1094 1489 1184 1522; x_wconf 89' lang='lat' dir='ltr'>sciat</span> <span class='ocrx_word' id='word_1_226' title='bbox 1204 1489 1248 1521; x_wconf 89' lang='lat' dir='ltr'>de</span> <span class='ocrx_word' id='word_1_227' title='bbox 1270 1488 1452 1521; x_wconf 85' lang='lat' dir='ltr'>contentis</span> <span class='ocrx_word' id='word_1_228' title='bbox 1474 1488 1511 1520; x_wconf 89' lang='lat' dir='ltr'>in</span> <span class='ocrx_word' id='word_1_229' title='bbox 1531 1488 1694 1521; x_wconf 79' lang='lat' dir='ltr'>articulis</span> <span class='ocrx_word' id='word_1_230' title='bbox 1716 1488 1927 1533; x_wconf 70' lang='lat' dir='ltr'>respondet,</span> <span class='ocrx_word' id='word_1_231' title='bbox 1950 1489 2048 1533; x_wconf 92' lang='lat' dir='ltr'>quod</span> <span class='ocrx_word' id='word_1_232' title='bbox 2069 1489 2181 1534; x_wconf 89' lang='lat' dir='ltr'>patie-</span> 
     </span>
     <span class='ocr_line' id='line_1_19' title="bbox 308 1554 2178 1602; baseline -0.001 -13"><span class='ocrx_word' id='word_1_233' title='bbox 308 1557 413 1590; x_wconf 84' lang='lat' dir='ltr'>batur</span> <span class='ocrx_word' id='word_1_234' title='bbox 444 1557 522 1602; x_wconf 89' lang='lat' dir='ltr'>ipse</span> <span class='ocrx_word' id='word_1_235' title='bbox 557 1557 745 1601; x_wconf 84' lang='lat' dir='ltr'>quamdam</span> <span class='ocrx_word' id='word_1_236' title='bbox 776 1556 1020 1589; x_wconf 86' lang='lat' dir='ltr'>infirmitatem</span> <span class='ocrx_word' id='word_1_237' title='bbox 1050 1556 1087 1588; x_wconf 90' lang='lat' dir='ltr'>in</span> <span class='ocrx_word' id='word_1_238' title='bbox 1115 1556 1230 1600; x_wconf 89' lang='lat' dir='ltr'>capite</span> <span class='ocrx_word' id='word_1_239' title='bbox 1261 1561 1296 1588; x_wconf 91' lang='lat' dir='ltr'>et</span> <span class='ocrx_word' id='word_1_240' title='bbox 1323 1555 1359 1587; x_wconf 93' lang='lat' dir='ltr'>in</span> <span class='ocrx_word' id='word_1_241' title='bbox 1393 1554 1542 1587; x_wconf 88' lang='lat' dir='ltr'>auribus</span> <span class='ocrx_word' id='word_1_242' title='bbox 1573 1555 1650 1587; x_wconf 89' lang='lat' dir='ltr'>suis</span> <span class='ocrx_word' id='word_1_243' title='bbox 1681 1561 1844 1599; x_wconf 89' lang='lat' dir='ltr'>tempore</span> <span class='ocrx_word' id='word_1_244' title='bbox 1879 1555 1999 1599; x_wconf 84' lang='lat' dir='ltr'>magni</span> <span class='ocrx_word' id='word_1_245' title='bbox 2034 1555 2178 1597; x_wconf 86' lang='lat' dir='ltr'>caloris,</span> 
     </span>
     <span class='ocr_line' id='line_1_20' title="bbox 308 1620 2182 1666; baseline -0.001 -10"><span class='ocrx_word' id='word_1_246' title='bbox 308 1623 479 1656; x_wconf 90' lang='lat' dir='ltr'>videlicet</span> <span class='ocrx_word' id='word_1_247' title='bbox 510 1629 591 1656; x_wconf 87' lang='lat' dir='ltr'>ante</span> <span class='ocrx_word' id='word_1_248' title='bbox 625 1623 756 1655; x_wconf 86' lang='lat' dir='ltr'>festum</span> <span class='ocrx_word' id='word_1_249' title='bbox 785 1623 986 1656; x_wconf 84' lang='lat' dir='ltr'>Nativitatis</span> <span class='ocrx_word' id='word_1_250' title='bbox 1015 1622 1110 1654; x_wconf 89' lang='lat' dir='ltr'>beati</span> <span class='ocrx_word' id='word_1_251' title='bbox 1136 1621 1327 1662; x_wconf 82' lang='lat' dir='ltr'>Johannis,</span> <span class='ocrx_word' id='word_1_252' title='bbox 1358 1628 1393 1654; x_wconf 88' lang='lat' dir='ltr'>et</span> <span class='ocrx_word' id='word_1_253' title='bbox 1420 1621 1518 1666; x_wconf 88' lang='lat' dir='ltr'>quod</span> <span class='ocrx_word' id='word_1_254' title='bbox 1550 1621 1627 1665; x_wconf 89' lang='lat' dir='ltr'>ipsa</span> <span class='ocrx_word' id='word_1_255' title='bbox 1653 1620 1786 1654; x_wconf 86' lang='lat' dir='ltr'>Jacoba</span> <span class='ocrx_word' id='word_1_256' title='bbox 1818 1621 1937 1665; x_wconf 87' lang='lat' dir='ltr'>ipsum</span> <span class='ocrx_word' id='word_1_257' title='bbox 1962 1621 2119 1654; x_wconf 88' lang='lat' dir='ltr'>visitavit</span> <span class='ocrx_word' id='word_1_258' title='bbox 2147 1628 2182 1654; x_wconf 89' lang='lat' dir='ltr'>et</span> 
     </span>
     <span class='ocr_line' id='line_1_21' title="bbox 309 1687 2181 1734; baseline -0.001 -12"><span class='ocrx_word' id='word_1_259' title='bbox 309 1690 403 1722; x_wconf 87' lang='lat' dir='ltr'>circa</span> <span class='ocrx_word' id='word_1_260' title='bbox 431 1690 550 1734; x_wconf 84' lang='lat' dir='ltr'>ipsum</span> <span class='ocrx_word' id='word_1_261' title='bbox 571 1696 702 1722; x_wconf 87' lang='lat' dir='ltr'>tantam</span> <span class='ocrx_word' id='word_1_262' title='bbox 723 1701 843 1722; x_wconf 85' lang='lat' dir='ltr'>curam</span> <span class='ocrx_word' id='word_1_263' title='bbox 866 1688 1031 1721; x_wconf 90' lang='lat' dir='ltr'>adhibuit</span> <span class='ocrx_word' id='word_1_264' title='bbox 1051 1689 1148 1733; x_wconf 91' lang='lat' dir='ltr'>quod</span> <span class='ocrx_word' id='word_1_265' title='bbox 1171 1700 1234 1733; x_wconf 90' lang='lat' dir='ltr'>per</span> <span class='ocrx_word' id='word_1_266' title='bbox 1256 1688 1460 1733; x_wconf 88' lang='lat' dir='ltr'>potationes</span> <span class='ocrx_word' id='word_1_267' title='bbox 1489 1699 1578 1732; x_wconf 87' lang='lat' dir='ltr'>quas</span> <span class='ocrx_word' id='word_1_268' title='bbox 1606 1687 1753 1720; x_wconf 86' lang='lat' dir='ltr'>tradidit</span> <span class='ocrx_word' id='word_1_269' title='bbox 1780 1688 1858 1732; x_wconf 85' lang='lat' dir='ltr'>ipsc</span> <span class='ocrx_word' id='word_1_270' title='bbox 1881 1694 2026 1720; x_wconf 81' lang='lat' dir='ltr'>sanatus</span> <span class='ocrx_word' id='word_1_271' title='bbox 2047 1688 2114 1720; x_wconf 89' lang='lat' dir='ltr'>suit</span> <span class='ocrx_word' id='word_1_272' title='bbox 2138 1688 2181 1721; x_wconf 89' lang='lat' dir='ltr'>ab</span> 
     </span>
     <span class='ocr_line' id='line_1_22' title="bbox 309 1754 2182 1801; baseline 0 -13"><span class='ocrx_word' id='word_1_273' title='bbox 309 1757 388 1801; x_wconf 91' lang='lat' dir='ltr'>ejus</span> <span class='ocrx_word' id='word_1_274' title='bbox 409 1756 616 1788; x_wconf 88' lang='lat' dir='ltr'>infirmitate</span> <span class='ocrx_word' id='word_1_275' title='bbox 645 1762 680 1788; x_wconf 87' lang='lat' dir='ltr'>et</span> <span class='ocrx_word' id='word_1_276' title='bbox 705 1756 771 1788; x_wconf 88' lang='lat' dir='ltr'>Dei</span> <span class='ocrx_word' id='word_1_277' title='bbox 799 1755 932 1788; x_wconf 90' lang='lat' dir='ltr'>auxilio</span> <span class='ocrx_word' id='word_1_278' title='bbox 954 1755 1147 1788; x_wconf 86' lang='lat' dir='ltr'>mediante.</span> <span class='ocrx_word' id='word_1_279' title='bbox 1180 1756 1430 1799; x_wconf 82' lang='lat' dir='ltr'>Interrogatus</span> <span class='ocrx_word' id='word_1_280' title='bbox 1459 1766 1548 1798; x_wconf 88' lang='lat' dir='ltr'>quas</span> <span class='ocrx_word' id='word_1_281' title='bbox 1577 1754 1745 1799; x_wconf 89' lang='lat' dir='ltr'>potiones</span> <span class='ocrx_word' id='word_1_282' title='bbox 1772 1754 1890 1786; x_wconf 88' lang='lat' dir='ltr'>eidem</span> <span class='ocrx_word' id='word_1_283' title='bbox 1918 1754 2066 1787; x_wconf 87' lang='lat' dir='ltr'>tradidit</span> <span class='ocrx_word' id='word_1_284' title='bbox 2093 1759 2182 1796; x_wconf 86' lang='lat' dir='ltr'>[res-</span> 
     </span>
     <span class='ocr_line' id='line_1_23' title="bbox 309 1820 2183 1867; baseline -0.001 -12"><span class='ocrx_word' id='word_1_285' title='bbox 309 1823 436 1867; x_wconf 90' lang='lat' dir='ltr'>pondit</span> <span class='ocrx_word' id='word_1_286' title='bbox 461 1823 558 1867; x_wconf 92' lang='lat' dir='ltr'>quod</span> <span class='ocrx_word' id='word_1_287' title='bbox 582 1822 714 1855; x_wconf 87' lang='lat' dir='ltr'>Jacoba</span> <span class='ocrx_word' id='word_1_288' title='bbox 735 1822 768 1855; x_wconf 88' lang='lat' dir='ltr'>ei</span> <span class='ocrx_word' id='word_1_289' title='bbox 794 1822 961 1867; x_wconf 81' lang='lat' dir='ltr'>potiones</span> <span class='ocrx_word' id='word_1_290' title='bbox 982 1822 1224 1863; x_wconf 83' lang='lat' dir='ltr'>ministravit],</span> <span class='ocrx_word' id='word_1_291' title='bbox 1251 1833 1401 1866; x_wconf 88' lang='lat' dir='ltr'>quarum</span> <span class='ocrx_word' id='word_1_292' title='bbox 1424 1833 1493 1853; x_wconf 89' lang='lat' dir='ltr'>una</span> <span class='ocrx_word' id='word_1_293' title='bbox 1520 1827 1595 1853; x_wconf 88' lang='lat' dir='ltr'>erat</span> <span class='ocrx_word' id='word_1_294' title='bbox 1619 1820 1761 1862; x_wconf 92' lang='lat' dir='ltr'>viridis,</span> <span class='ocrx_word' id='word_1_295' title='bbox 1784 1827 1819 1854; x_wconf 82' lang='lat' dir='ltr'>et</span> <span class='ocrx_word' id='word_1_296' title='bbox 1843 1821 2003 1854; x_wconf 83' lang='lat' dir='ltr'>secunda</span> <span class='ocrx_word' id='word_1_297' title='bbox 2024 1828 2060 1854; x_wconf 90' lang='lat' dir='ltr'>et</span> <span class='ocrx_word' id='word_1_298' title='bbox 2079 1822 2183 1854; x_wconf 84' lang='lat' dir='ltr'>tertia</span> 
     </span>
     <span class='ocr_line' id='line_1_24' title="bbox 308 1887 2182 1934; baseline -0.001 -12"><span class='ocrx_word' id='word_1_299' title='bbox 308 1889 496 1930; x_wconf 88' lang='lat' dir='ltr'>clariores,</span> <span class='ocrx_word' id='word_1_300' title='bbox 528 1889 593 1922; x_wconf 90' lang='lat' dir='ltr'>sed</span> <span class='ocrx_word' id='word_1_301' title='bbox 623 1889 806 1933; x_wconf 90' lang='lat' dir='ltr'>quomodo</span> <span class='ocrx_word' id='word_1_302' title='bbox 838 1895 1101 1934; x_wconf 86' lang='lat' dir='ltr'>componantur</span> <span class='ocrx_word' id='word_1_303' title='bbox 1136 1888 1263 1921; x_wconf 89' lang='lat' dir='ltr'>nescit.</span> <span class='ocrx_word' id='word_1_304' title='bbox 1302 1889 1552 1933; x_wconf 83' lang='lat' dir='ltr'>Interrogatus</span> <span class='ocrx_word' id='word_1_305' title='bbox 1583 1887 1614 1920; x_wconf 90' lang='lat' dir='ltr'>si</span> <span class='ocrx_word' id='word_1_306' title='bbox 1644 1887 1737 1920; x_wconf 87' lang='lat' dir='ltr'>dicta</span> <span class='ocrx_word' id='word_1_307' title='bbox 1766 1887 1898 1920; x_wconf 81' lang='lat' dir='ltr'>Jacoba</span> <span class='ocrx_word' id='word_1_308' title='bbox 1928 1888 1975 1921; x_wconf 89' lang='lat' dir='ltr'>sit</span> <span class='ocrx_word' id='word_1_309' title='bbox 2008 1895 2182 1921; x_wconf 88' lang='lat' dir='ltr'>consueta</span> 
     </span>
     <span class='ocr_line' id='line_1_25' title="bbox 307 1954 2183 2001; baseline 0 -13"><span class='ocrx_word' id='word_1_310' title='bbox 307 1956 455 1989; x_wconf 88' lang='lat' dir='ltr'>visitare</span> <span class='ocrx_word' id='word_1_311' title='bbox 485 1956 661 1997; x_wconf 89' lang='lat' dir='ltr'>infirmos,</span> <span class='ocrx_word' id='word_1_312' title='bbox 695 1956 782 1988; x_wconf 88' lang='lat' dir='ltr'>dicit</span> <span class='ocrx_word' id='word_1_313' title='bbox 811 1956 908 2000; x_wconf 90' lang='lat' dir='ltr'>quod</span> <span class='ocrx_word' id='word_1_314' title='bbox 939 1956 1003 1997; x_wconf 88' lang='lat' dir='ltr'>sic,</span> <span class='ocrx_word' id='word_1_315' title='bbox 1035 1962 1144 2001; x_wconf 92' lang='lat' dir='ltr'>prout</span> <span class='ocrx_word' id='word_1_316' title='bbox 1170 1955 1308 1988; x_wconf 81' lang='lat' dir='ltr'>audivit</span> <span class='ocrx_word' id='word_1_317' title='bbox 1338 1955 1408 1987; x_wconf 90' lang='lat' dir='ltr'>dici</span> <span class='ocrx_word' id='word_1_318' title='bbox 1434 1967 1451 1987; x_wconf 87' lang='lat' dir='ltr'>a</span> <span class='ocrx_word' id='word_1_319' title='bbox 1473 1954 1653 1999; x_wconf 89' lang='lat' dir='ltr'>pluribus.</span> <span class='ocrx_word' id='word_1_320' title='bbox 1686 1955 1936 1999; x_wconf 82' lang='lat' dir='ltr'>Interrogatus</span> <span class='ocrx_word' id='word_1_321' title='bbox 1958 1955 1988 1987; x_wconf 91' lang='lat' dir='ltr'>si</span> <span class='ocrx_word' id='word_1_322' title='bbox 2010 1955 2183 1988; x_wconf 88' lang='lat' dir='ltr'>conduxit</span> 
     </span>
     <span class='ocr_line' id='line_1_26' title="bbox 309 2021 2181 2067; baseline -0.001 -12"><span class='ocrx_word' id='word_1_323' title='bbox 309 2034 389 2055; x_wconf 88' lang='lat' dir='ltr'>cum</span> <span class='ocrx_word' id='word_1_324' title='bbox 416 2034 455 2055; x_wconf 90' lang='lat' dir='ltr'>ea</span> <span class='ocrx_word' id='word_1_325' title='bbox 481 2022 525 2055; x_wconf 86' lang='lat' dir='ltr'>de</span> <span class='ocrx_word' id='word_1_326' title='bbox 547 2022 708 2055; x_wconf 86' lang='lat' dir='ltr'>sanando</span> <span class='ocrx_word' id='word_1_327' title='bbox 731 2022 900 2064; x_wconf 89' lang='lat' dir='ltr'>eundem,</span> <span class='ocrx_word' id='word_1_328' title='bbox 924 2022 1012 2055; x_wconf 83' lang='lat' dir='ltr'>dicit</span> <span class='ocrx_word' id='word_1_329' title='bbox 1032 2022 1129 2067; x_wconf 91' lang='lat' dir='ltr'>quod</span> <span class='ocrx_word' id='word_1_330' title='bbox 1151 2034 1236 2054; x_wconf 84' lang='lat' dir='ltr'>non.</span> <span class='ocrx_word' id='word_1_331' title='bbox 1259 2023 1453 2066; x_wconf 87' lang='lat' dir='ltr'>Postquam</span> <span class='ocrx_word' id='word_1_332' title='bbox 1475 2021 1542 2053; x_wconf 90' lang='lat' dir='ltr'>suit</span> <span class='ocrx_word' id='word_1_333' title='bbox 1563 2027 1721 2062; x_wconf 86' lang='lat' dir='ltr'>sanatus,</span> <span class='ocrx_word' id='word_1_334' title='bbox 1745 2021 1858 2066; x_wconf 87' lang='lat' dir='ltr'>ipsam</span> <span class='ocrx_word' id='word_1_335' title='bbox 1881 2021 2054 2054; x_wconf 86' lang='lat' dir='ltr'>satisfecit</span> <span class='ocrx_word' id='word_1_336' title='bbox 2075 2028 2181 2067; x_wconf 90' lang='lat' dir='ltr'>prout</span> 
     </span>
     <span class='ocr_line' id='line_1_27' title="bbox 309 2087 1733 2133; baseline -0.002 -11"><span class='ocrx_word' id='word_1_337' title='bbox 309 2088 435 2122; x_wconf 91' lang='lat' dir='ltr'>voluit.</span> <span class='ocrx_word' id='word_1_338' title='bbox 459 2089 669 2133; x_wconf 86' lang='lat' dir='ltr'>Requisitus</span> <span class='ocrx_word' id='word_1_339' title='bbox 691 2089 721 2122; x_wconf 90' lang='lat' dir='ltr'>si</span> <span class='ocrx_word' id='word_1_340' title='bbox 743 2101 819 2122; x_wconf 87' lang='lat' dir='ltr'>eam</span> <span class='ocrx_word' id='word_1_341' title='bbox 840 2089 980 2122; x_wconf 88' lang='lat' dir='ltr'>viderat</span> <span class='ocrx_word' id='word_1_342' title='bbox 999 2088 1098 2130; x_wconf 87' lang='lat' dir='ltr'>alibi,</span> <span class='ocrx_word' id='word_1_343' title='bbox 1122 2088 1320 2133; x_wconf 90' lang='lat' dir='ltr'>respondet</span> <span class='ocrx_word' id='word_1_344' title='bbox 1341 2087 1439 2132; x_wconf 91' lang='lat' dir='ltr'>quod</span> <span class='ocrx_word' id='word_1_345' title='bbox 1460 2099 1547 2129; x_wconf 79' lang='lat' dir='ltr'>non,</span> <span class='ocrx_word' id='word_1_346' title='bbox 1569 2093 1647 2128; x_wconf 84' lang='lat' dir='ltr'>etc.,</span> <span class='ocrx_word' id='word_1_347' title='bbox 1670 2093 1733 2121; x_wconf 83' lang='lat' dir='ltr'>etc.</span> 
     </span>
    </p>

    <p class='ocr_par' dir='ltr' id='par_1_4' title="bbox 310 2154 2184 2860">
     <span class='ocr_line' id='line_1_28' title="bbox 399 2154 2182 2199; baseline 0 -12"><span class='ocrx_word' id='word_1_348' title='bbox 399 2155 576 2188; x_wconf 89' lang='lat' dir='ltr'>Dominus</span> <span class='ocrx_word' id='word_1_349' title='bbox 603 2155 683 2188; x_wconf 89' lang='lat' dir='ltr'>Odo</span> <span class='ocrx_word' id='word_1_350' title='bbox 705 2156 749 2188; x_wconf 91' lang='lat' dir='ltr'>de</span> <span class='ocrx_word' id='word_1_351' title='bbox 771 2155 1038 2197; x_wconf 87' lang='lat' dir='ltr'>Cormessiaco,</span> <span class='ocrx_word' id='word_1_352' title='bbox 1060 2156 1170 2188; x_wconf 87' lang='lat' dir='ltr'>frater</span> <span class='ocrx_word' id='word_1_353' title='bbox 1191 2155 1321 2188; x_wconf 88' lang='lat' dir='ltr'>domus</span> <span class='ocrx_word' id='word_1_354' title='bbox 1343 2154 1409 2187; x_wconf 87' lang='lat' dir='ltr'>Dei</span> <span class='ocrx_word' id='word_1_355' title='bbox 1430 2154 1663 2195; x_wconf 86' lang='lat' dir='ltr'>Parisiensis,</span> <span class='ocrx_word' id='word_1_356' title='bbox 1688 2154 1793 2186; x_wconf 88' lang='lat' dir='ltr'>testis</span> <span class='ocrx_word' id='word_1_357' title='bbox 1814 2160 1850 2186; x_wconf 86' lang='lat' dir='ltr'>et</span> <span class='ocrx_word' id='word_1_358' title='bbox 1870 2154 2069 2198; x_wconf 87' lang='lat' dir='ltr'>requisitus</span> <span class='ocrx_word' id='word_1_359' title='bbox 2094 2155 2182 2199; x_wconf 92' lang='lat' dir='ltr'>quid</span> 
     </span>
     <span class='ocr_line' id='line_1_29' title="bbox 310 2220 2183 2266; baseline 0 -13"><span class='ocrx_word' id='word_1_360' title='bbox 310 2221 399 2254; x_wconf 90' lang='lat' dir='ltr'>sciat</span> <span class='ocrx_word' id='word_1_361' title='bbox 420 2221 464 2253; x_wconf 91' lang='lat' dir='ltr'>de</span> <span class='ocrx_word' id='word_1_362' title='bbox 485 2222 666 2254; x_wconf 87' lang='lat' dir='ltr'>contentis</span> <span class='ocrx_word' id='word_1_363' title='bbox 687 2222 724 2254; x_wconf 91' lang='lat' dir='ltr'>in</span> <span class='ocrx_word' id='word_1_364' title='bbox 745 2222 920 2263; x_wconf 87' lang='lat' dir='ltr'>articulis,</span> <span class='ocrx_word' id='word_1_365' title='bbox 943 2227 1022 2263; x_wconf 87' lang='lat' dir='ltr'>etc.,</span> <span class='ocrx_word' id='word_1_366' title='bbox 1044 2221 1236 2266; x_wconf 87' lang='lat' dir='ltr'>respondit</span> <span class='ocrx_word' id='word_1_367' title='bbox 1260 2221 1328 2254; x_wconf 87' lang='lat' dir='ltr'>hoc</span> <span class='ocrx_word' id='word_1_368' title='bbox 1350 2221 1394 2253; x_wconf 92' lang='lat' dir='ltr'>de</span> <span class='ocrx_word' id='word_1_369' title='bbox 1414 2221 1498 2265; x_wconf 86' lang='lat' dir='ltr'>jure</span> <span class='ocrx_word' id='word_1_370' title='bbox 1520 2232 1584 2265; x_wconf 88' lang='lat' dir='ltr'>per</span> <span class='ocrx_word' id='word_1_371' title='bbox 1608 2232 1713 2252; x_wconf 80' lang='lat' dir='ltr'>suuni</span> <span class='ocrx_word' id='word_1_372' title='bbox 1730 2221 1988 2264; x_wconf 90' lang='lat' dir='ltr'>juramentum,</span> <span class='ocrx_word' id='word_1_373' title='bbox 2011 2220 2183 2253; x_wconf 89' lang='lat' dir='ltr'>videlicet</span> 
     </span>
     <span class='ocr_line' id='line_1_30' title="bbox 310 2286 2182 2332; baseline 0.001 -13"><span class='ocrx_word' id='word_1_374' title='bbox 310 2287 408 2332; x_wconf 91' lang='lat' dir='ltr'>quod</span> <span class='ocrx_word' id='word_1_375' title='bbox 437 2300 516 2320; x_wconf 91' lang='lat' dir='ltr'>cum</span> <span class='ocrx_word' id='word_1_376' title='bbox 549 2288 627 2332; x_wconf 91' lang='lat' dir='ltr'>ipse</span> <span class='ocrx_word' id='word_1_377' title='bbox 657 2288 700 2321; x_wconf 86' lang='lat' dir='ltr'>ad</span> <span class='ocrx_word' id='word_1_378' title='bbox 731 2289 862 2321; x_wconf 84' lang='lat' dir='ltr'>festum</span> <span class='ocrx_word' id='word_1_379' title='bbox 893 2288 1096 2321; x_wconf 81' lang='lat' dir='ltr'>Nativitatis</span> <span class='ocrx_word' id='word_1_380' title='bbox 1125 2287 1220 2320; x_wconf 89' lang='lat' dir='ltr'>beati</span> <span class='ocrx_word' id='word_1_381' title='bbox 1250 2287 1425 2320; x_wconf 91' lang='lat' dir='ltr'>Johannis</span> <span class='ocrx_word' id='word_1_382' title='bbox 1455 2287 1636 2320; x_wconf 86' lang='lat' dir='ltr'>extitisset</span> <span class='ocrx_word' id='word_1_383' title='bbox 1665 2286 1766 2331; x_wconf 87' lang='lat' dir='ltr'>gravi</span> <span class='ocrx_word' id='word_1_384' title='bbox 1796 2286 2002 2318; x_wconf 89' lang='lat' dir='ltr'>infirmitate</span> <span class='ocrx_word' id='word_1_385' title='bbox 2030 2293 2065 2319; x_wconf 90' lang='lat' dir='ltr'>et</span> <span class='ocrx_word' id='word_1_386' title='bbox 2087 2293 2182 2320; x_wconf 88' lang='lat' dir='ltr'>tanta</span> 
     </span>
     <span class='ocr_line' id='line_1_31' title="bbox 311 2352 2181 2400; baseline 0 -14"><span class='ocrx_word' id='word_1_387' title='bbox 311 2354 408 2398; x_wconf 93' lang='lat' dir='ltr'>quod</span> <span class='ocrx_word' id='word_1_388' title='bbox 439 2354 483 2386; x_wconf 89' lang='lat' dir='ltr'>de</span> <span class='ocrx_word' id='word_1_389' title='bbox 510 2354 683 2387; x_wconf 89' lang='lat' dir='ltr'>membris</span> <span class='ocrx_word' id='word_1_390' title='bbox 712 2355 788 2387; x_wconf 91' lang='lat' dir='ltr'>suis</span> <span class='ocrx_word' id='word_1_391' title='bbox 817 2367 856 2387; x_wconf 86' lang='lat' dir='ltr'>se</span> <span class='ocrx_word' id='word_1_392' title='bbox 879 2356 1008 2399; x_wconf 85' lang='lat' dir='ltr'>juvare</span> <span class='ocrx_word' id='word_1_393' title='bbox 1037 2367 1111 2388; x_wconf 89' lang='lat' dir='ltr'>non</span> <span class='ocrx_word' id='word_1_394' title='bbox 1142 2361 1282 2400; x_wconf 88' lang='lat' dir='ltr'>poterat</span> <span class='ocrx_word' id='word_1_395' title='bbox 1312 2354 1495 2394; x_wconf 86' lang='lat' dir='ltr'>detentus,</span> <span class='ocrx_word' id='word_1_396' title='bbox 1527 2359 1562 2385; x_wconf 92' lang='lat' dir='ltr'>et</span> <span class='ocrx_word' id='word_1_397' title='bbox 1589 2353 1706 2397; x_wconf 88' lang='lat' dir='ltr'>ipsum</span> <span class='ocrx_word' id='word_1_398' title='bbox 1738 2352 1912 2397; x_wconf 86' lang='lat' dir='ltr'>magister</span> <span class='ocrx_word' id='word_1_399' title='bbox 1931 2352 2115 2386; x_wconf 83' lang='lat' dir='ltr'>Johannes</span> <span class='ocrx_word' id='word_1_400' title='bbox 2137 2353 2181 2386; x_wconf 89' lang='lat' dir='ltr'>de</span> 
     </span>
     <span class='ocr_line' id='line_1_32' title="bbox 311 2418 2181 2466; baseline 0 -14"><span class='ocrx_word' id='word_1_401' title='bbox 311 2421 425 2452; x_wconf 90' lang='lat' dir='ltr'>Turre</span> <span class='ocrx_word' id='word_1_402' title='bbox 452 2420 636 2453; x_wconf 84' lang='lat' dir='ltr'>visitasset</span> <span class='ocrx_word' id='word_1_403' title='bbox 663 2427 698 2453; x_wconf 90' lang='lat' dir='ltr'>et</span> <span class='ocrx_word' id='word_1_404' title='bbox 725 2421 849 2466; x_wconf 90' lang='lat' dir='ltr'>plures</span> <span class='ocrx_word' id='word_1_405' title='bbox 877 2421 937 2454; x_wconf 86' lang='lat' dir='ltr'>alii</span> <span class='ocrx_word' id='word_1_406' title='bbox 966 2421 1130 2466; x_wconf 81' lang='lat' dir='ltr'>magistri</span> <span class='ocrx_word' id='word_1_407' title='bbox 1157 2421 1194 2454; x_wconf 92' lang='lat' dir='ltr'>in</span> <span class='ocrx_word' id='word_1_408' title='bbox 1220 2420 1411 2461; x_wconf 84' lang='lat' dir='ltr'>medicina,</span> <span class='ocrx_word' id='word_1_409' title='bbox 1434 2419 1603 2452; x_wconf 86' lang='lat' dir='ltr'>videlicet</span> <span class='ocrx_word' id='word_1_410' title='bbox 1632 2418 1796 2463; x_wconf 81' lang='lat' dir='ltr'>magistri</span> <span class='ocrx_word' id='word_1_411' title='bbox 1817 2418 2014 2451; x_wconf 79' lang='lat' dir='ltr'>Martinus⁹</span> <span class='ocrx_word' id='word_1_412' title='bbox 2037 2426 2071 2451; x_wconf 93' lang='lat' dir='ltr'>et</span> <span class='ocrx_word' id='word_1_413' title='bbox 2092 2421 2181 2452; x_wconf 92' lang='lat' dir='ltr'>Her-</span> 
     </span>
     <span class='ocr_line' id='line_1_33' title="bbox 313 2484 2182 2532; baseline 0.001 -15"><span class='ocrx_word' id='word_1_414' title='bbox 313 2497 438 2518; x_wconf 90' lang='lat' dir='ltr'>manus</span> <span class='ocrx_word' id='word_1_415' title='bbox 467 2492 502 2518; x_wconf 92' lang='lat' dir='ltr'>et</span> <span class='ocrx_word' id='word_1_416' title='bbox 528 2486 652 2530; x_wconf 89' lang='lat' dir='ltr'>plures</span> <span class='ocrx_word' id='word_1_417' title='bbox 680 2486 753 2528; x_wconf 83' lang='lat' dir='ltr'>alii,</span> <span class='ocrx_word' id='word_1_418' title='bbox 775 2493 811 2519; x_wconf 85' lang='lat' dir='ltr'>et</span> <span class='ocrx_word' id='word_1_419' title='bbox 837 2487 916 2532; x_wconf 89' lang='lat' dir='ltr'>ipse</span> <span class='ocrx_word' id='word_1_420' title='bbox 946 2499 985 2520; x_wconf 91' lang='lat' dir='ltr'>se</span> <span class='ocrx_word' id='word_1_421' title='bbox 1013 2487 1148 2520; x_wconf 91' lang='lat' dir='ltr'>deferri</span> <span class='ocrx_word' id='word_1_422' title='bbox 1174 2487 1261 2520; x_wconf 85' lang='lat' dir='ltr'>fecit</span> <span class='ocrx_word' id='word_1_423' title='bbox 1286 2487 1323 2518; x_wconf 92' lang='lat' dir='ltr'>in</span> <span class='ocrx_word' id='word_1_424' title='bbox 1347 2486 1492 2518; x_wconf 90' lang='lat' dir='ltr'>domum</span> <span class='ocrx_word' id='word_1_425' title='bbox 1522 2485 1616 2517; x_wconf 89' lang='lat' dir='ltr'>dicte</span> <span class='ocrx_word' id='word_1_426' title='bbox 1643 2484 1776 2517; x_wconf 86' lang='lat' dir='ltr'>Jacobe</span> <span class='ocrx_word' id='word_1_427' title='bbox 1798 2490 1833 2517; x_wconf 83' lang='lat' dir='ltr'>et</span> <span class='ocrx_word' id='word_1_428' title='bbox 1857 2484 1992 2517; x_wconf 91' lang='lat' dir='ltr'>ibidem</span> <span class='ocrx_word' id='word_1_429' title='bbox 2020 2485 2182 2530; x_wconf 87' lang='lat' dir='ltr'>aliquan-</span> 
     </span>
     <span class='ocr_line' id='line_1_34' title="bbox 313 2550 2181 2598; baseline 0.002 -15"><span class='ocrx_word' id='word_1_430' title='bbox 313 2551 427 2584; x_wconf 88' lang='lat' dir='ltr'>tulum</span> <span class='ocrx_word' id='word_1_431' title='bbox 455 2552 535 2593; x_wconf 88' lang='lat' dir='ltr'>suit,</span> <span class='ocrx_word' id='word_1_432' title='bbox 557 2559 592 2585; x_wconf 88' lang='lat' dir='ltr'>et</span> <span class='ocrx_word' id='word_1_433' title='bbox 618 2559 691 2585; x_wconf 88' lang='lat' dir='ltr'>tum</span> <span class='ocrx_word' id='word_1_434' title='bbox 720 2554 950 2598; x_wconf 88' lang='lat' dir='ltr'>postmodum</span> <span class='ocrx_word' id='word_1_435' title='bbox 972 2554 1051 2598; x_wconf 85' lang='lat' dir='ltr'>ipsa</span> <span class='ocrx_word' id='word_1_436' title='bbox 1076 2553 1208 2587; x_wconf 89' lang='lat' dir='ltr'>Jacoba</span> <span class='ocrx_word' id='word_1_437' title='bbox 1236 2553 1355 2597; x_wconf 90' lang='lat' dir='ltr'>ipsum</span> <span class='ocrx_word' id='word_1_438' title='bbox 1381 2552 1540 2585; x_wconf 86' lang='lat' dir='ltr'>visitavit</span> <span class='ocrx_word' id='word_1_439' title='bbox 1567 2558 1602 2584; x_wconf 83' lang='lat' dir='ltr'>et</span> <span class='ocrx_word' id='word_1_440' title='bbox 1628 2551 1723 2595; x_wconf 85' lang='lat' dir='ltr'>apud</span> <span class='ocrx_word' id='word_1_441' title='bbox 1754 2550 1921 2583; x_wconf 86' lang='lat' dir='ltr'>balneola</span> <span class='ocrx_word' id='word_1_442' title='bbox 1947 2558 1982 2584; x_wconf 92' lang='lat' dir='ltr'>et</span> <span class='ocrx_word' id='word_1_443' title='bbox 2009 2552 2046 2584; x_wconf 91' lang='lat' dir='ltr'>in</span> <span class='ocrx_word' id='word_1_444' title='bbox 2073 2552 2181 2586; x_wconf 90' lang='lat' dir='ltr'>domo</span> 
     </span>
     <span class='ocr_line' id='line_1_35' title="bbox 312 2617 2181 2665; baseline 0.001 -16"><span class='ocrx_word' id='word_1_445' title='bbox 312 2618 378 2650; x_wconf 94' lang='lat' dir='ltr'>Dei</span> <span class='ocrx_word' id='word_1_446' title='bbox 395 2618 569 2662; x_wconf 87' lang='lat' dir='ltr'>predicta,</span> <span class='ocrx_word' id='word_1_447' title='bbox 591 2625 626 2651; x_wconf 86' lang='lat' dir='ltr'>et</span> <span class='ocrx_word' id='word_1_448' title='bbox 646 2619 762 2652; x_wconf 89' lang='lat' dir='ltr'>eidem</span> <span class='ocrx_word' id='word_1_449' title='bbox 785 2620 885 2652; x_wconf 89' lang='lat' dir='ltr'>dedit</span> <span class='ocrx_word' id='word_1_450' title='bbox 906 2627 941 2652; x_wconf 88' lang='lat' dir='ltr'>et</span> <span class='ocrx_word' id='word_1_451' title='bbox 962 2620 1136 2665; x_wconf 83' lang='lat' dir='ltr'>magister</span> <span class='ocrx_word' id='word_1_452' title='bbox 1154 2619 1338 2653; x_wconf 87' lang='lat' dir='ltr'>Johannes</span> <span class='ocrx_word' id='word_1_453' title='bbox 1359 2630 1439 2651; x_wconf 90' lang='lat' dir='ltr'>cum</span> <span class='ocrx_word' id='word_1_454' title='bbox 1461 2618 1538 2662; x_wconf 80' lang='lat' dir='ltr'>ipsa</span> <span class='ocrx_word' id='word_1_455' title='bbox 1558 2617 1691 2650; x_wconf 83' lang='lat' dir='ltr'>Jacoba</span> <span class='ocrx_word' id='word_1_456' title='bbox 1711 2629 1940 2650; x_wconf 90' lang='lat' dir='ltr'>commorans</span> <span class='ocrx_word' id='word_1_457' title='bbox 1961 2619 2181 2662; x_wconf 86' lang='lat' dir='ltr'>potationem</span> 
     </span>
     <span class='ocr_line' id='line_1_36' title="bbox 312 2683 2183 2731; baseline 0.002 -16"><span class='ocrx_word' id='word_1_458' title='bbox 312 2683 356 2716; x_wconf 84' lang='lat' dir='ltr'>ad</span> <span class='ocrx_word' id='word_1_459' title='bbox 377 2696 567 2726; x_wconf 89' lang='lat' dir='ltr'>cameram,</span> <span class='ocrx_word' id='word_1_460' title='bbox 598 2691 632 2717; x_wconf 90' lang='lat' dir='ltr'>et</span> <span class='ocrx_word' id='word_1_461' title='bbox 662 2685 779 2718; x_wconf 90' lang='lat' dir='ltr'>eidem</span> <span class='ocrx_word' id='word_1_462' title='bbox 813 2686 979 2719; x_wconf 86' lang='lat' dir='ltr'>fecerunt</span> <span class='ocrx_word' id='word_1_463' title='bbox 1008 2686 1124 2731; x_wconf 90' lang='lat' dir='ltr'>pluria</span> <span class='ocrx_word' id='word_1_464' title='bbox 1153 2686 1281 2718; x_wconf 88' lang='lat' dir='ltr'>balnea</span> <span class='ocrx_word' id='word_1_465' title='bbox 1316 2692 1351 2718; x_wconf 92' lang='lat' dir='ltr'>et</span> <span class='ocrx_word' id='word_1_466' title='bbox 1385 2684 1569 2729; x_wconf 84' lang='lat' dir='ltr'>struphaS,</span> <span class='ocrx_word' id='word_1_467' title='bbox 1600 2684 1792 2728; x_wconf 87' lang='lat' dir='ltr'>ipsumque</span> <span class='ocrx_word' id='word_1_468' title='bbox 1828 2683 1966 2728; x_wconf 88' lang='lat' dir='ltr'>pluries</span> <span class='ocrx_word' id='word_1_469' title='bbox 2001 2693 2183 2719; x_wconf 86' lang='lat' dir='ltr'>unxerunt</span> 
     </span>
     <span class='ocr_line' id='line_1_37' title="bbox 312 2749 2182 2797; baseline 0.002 -15"><span class='ocrx_word' id='word_1_470' title='bbox 312 2756 348 2782; x_wconf 90' lang='lat' dir='ltr'>et</span> <span class='ocrx_word' id='word_1_471' title='bbox 376 2757 471 2783; x_wconf 87' lang='lat' dir='ltr'>tanta</span> <span class='ocrx_word' id='word_1_472' title='bbox 505 2763 589 2784; x_wconf 84' lang='lat' dir='ltr'>cura</span> <span class='ocrx_word' id='word_1_473' title='bbox 624 2752 740 2793; x_wconf 87' lang='lat' dir='ltr'>[circa]</span> <span class='ocrx_word' id='word_1_474' title='bbox 774 2752 894 2797; x_wconf 88' lang='lat' dir='ltr'>ipsum</span> <span class='ocrx_word' id='word_1_475' title='bbox 929 2752 1186 2786; x_wconf 87' lang='lat' dir='ltr'>laboraverunt</span> <span class='ocrx_word' id='word_1_476' title='bbox 1219 2752 1312 2785; x_wconf 84' lang='lat' dir='ltr'>dieta</span> <span class='ocrx_word' id='word_1_477' title='bbox 1344 2750 1476 2784; x_wconf 87' lang='lat' dir='ltr'>Jacoba</span> <span class='ocrx_word' id='word_1_478' title='bbox 1510 2757 1546 2784; x_wconf 89' lang='lat' dir='ltr'>et</span> <span class='ocrx_word' id='word_1_479' title='bbox 1579 2750 1698 2783; x_wconf 89' lang='lat' dir='ltr'>dictus</span> <span class='ocrx_word' id='word_1_480' title='bbox 1735 2749 1919 2783; x_wconf 83' lang='lat' dir='ltr'>Johannes</span> <span class='ocrx_word' id='word_1_481' title='bbox 1954 2751 2052 2796; x_wconf 92' lang='lat' dir='ltr'>quod</span> <span class='ocrx_word' id='word_1_482' title='bbox 2086 2752 2182 2785; x_wconf 90' lang='lat' dir='ltr'>idem</span> 
     </span>
     <span class='ocr_line' id='line_1_38' title="bbox 314 2816 2184 2860; baseline 0.002 -12"><span class='ocrx_word' id='word_1_483' title='bbox 314 2817 463 2850; x_wconf 90' lang='lat' dir='ltr'>omnino</span> <span class='ocrx_word' id='word_1_484' title='bbox 494 2824 640 2850; x_wconf 88' lang='lat' dir='ltr'>sanatus</span> <span class='ocrx_word' id='word_1_485' title='bbox 670 2818 749 2860; x_wconf 82' lang='lat' dir='ltr'>suit7</span> <span class='ocrx_word' id='word_1_486' title='bbox 782 2825 818 2851; x_wconf 89' lang='lat' dir='ltr'>et</span> <span class='ocrx_word' id='word_1_487' title='bbox 845 2818 977 2852; x_wconf 86' lang='lat' dir='ltr'>herbas</span> <span class='ocrx_word' id='word_1_488' title='bbox 1007 2818 1079 2852; x_wconf 90' lang='lat' dir='ltr'>sibi</span> <span class='ocrx_word' id='word_1_489' title='bbox 1109 2819 1302 2859; x_wconf 87' lang='lat' dir='ltr'>dederunt,</span> <span class='ocrx_word' id='word_1_490' title='bbox 1333 2817 1505 2851; x_wconf 88' lang='lat' dir='ltr'>videlicet</span> <span class='ocrx_word' id='word_1_491' title='bbox 1528 2816 1708 2850; x_wconf 83' lang='lat' dir='ltr'>feuilles¹⁰</span> <span class='ocrx_word' id='word_1_492' title='bbox 1734 2816 1948 2859; x_wconf 86' lang='lat' dir='ltr'>camemille,</span> <span class='ocrx_word' id='word_1_493' title='bbox 1980 2818 2119 2852; x_wconf 90' lang='lat' dir='ltr'>melilot</span> <span class='ocrx_word' id='word_1_494' title='bbox 2148 2825 2184 2852; x_wconf 90' lang='lat' dir='ltr'>et</span> 
     </span>
    </p>
   </div>
   <div class='ocr_carea' id='block_1_3' title="bbox 312 2882 2182 2930">
    <p class='ocr_par' dir='ltr' id='par_1_5' title="bbox 312 2882 2182 2930">
     <span class='ocr_line' id='line_1_39' title="bbox 312 2882 2182 2930; baseline 0.002 -16"><span class='ocrx_word' id='word_1_495' title='bbox 312 2882 399 2915; x_wconf 85' lang='lat' dir='ltr'>alias</span> <span class='ocrx_word' id='word_1_496' title='bbox 428 2883 561 2917; x_wconf 86' lang='lat' dir='ltr'>herbas</span> <span class='ocrx_word' id='word_1_497' title='bbox 592 2885 888 2930; x_wconf 83' lang='lat' dir='ltr'>quamplurimas,</span> <span class='ocrx_word' id='word_1_498' title='bbox 922 2885 967 2919; x_wconf 91' lang='lat' dir='ltr'>de</span> <span class='ocrx_word' id='word_1_499' title='bbox 998 2885 1131 2930; x_wconf 91' lang='lat' dir='ltr'>quibus</span> <span class='ocrx_word' id='word_1_500' title='bbox 1156 2897 1230 2918; x_wconf 92' lang='lat' dir='ltr'>non</span> <span class='ocrx_word' id='word_1_501' title='bbox 1254 2884 1394 2918; x_wconf 85' lang='lat' dir='ltr'>recolit.</span> <span class='ocrx_word' id='word_1_502' title='bbox 1422 2885 1511 2917; x_wconf 90' lang='lat' dir='ltr'>Item</span> <span class='ocrx_word' id='word_1_503' title='bbox 1538 2883 1636 2929; x_wconf 89' lang='lat' dir='ltr'>quod</span> <span class='ocrx_word' id='word_1_504' title='bbox 1673 2883 1717 2916; x_wconf 88' lang='lat' dir='ltr'>de</span> <span class='ocrx_word' id='word_1_505' title='bbox 1749 2883 1904 2916; x_wconf 87' lang='lat' dir='ltr'>consilio</span> <span class='ocrx_word' id='word_1_506' title='bbox 1931 2883 2025 2917; x_wconf 87' lang='lat' dir='ltr'>dicte</span> <span class='ocrx_word' id='word_1_507' title='bbox 2049 2885 2182 2918; x_wconf 88' lang='lat' dir='ltr'>Jacobe</span> 
     </span>
    </p>
   </div>
  </div>
 </body>
</html>
