2534 3444
284 352 379 389 1320]
684 365 730 386 AB
764 364 869 385 Δ111.κό
904 364 1137 386 MCCLxxxw
1174 364 1304 391 USQUE
1340 364 1388 385 An
1423 365 1560 386 ANNL’M
1596 366 1737 387 MCCCL.
2081 359 2144 391 237

282 451 377 471 nunc
407 438 609 483 regentium
640 449 744 482 quam
776 437 907 469 suturis
938 436 1163 481 temporibus
1192 437 1228 468 in
1256 436 1349 469 dicta
1379 437 1545 470 facultate
1573 445 1607 470 ct
1641 439 1791 471 nacione
1822 447 1942 472 nostra
1975 441 2017 473 dc
2052 454 2144 474 novo

281 505 565 550 incepturorum,
588 504 755 537 volumus
777 510 812 536 et
834 510 958 536 tenore
980 503 1204 548 presentium
1226 503 1455 536 decrevimus
1476 503 1735 537 inviolabiliter
1755 505 1953 538 observari.
1982 508 2021 538 In
2042 509 2145 551 cujus

282 572 333 604 rei
364 571 607 604 testimonium
644 576 834 615 presentes
863 569 1001 602 litteras
1032 576 1156 602 nostre
1192 569 1355 602 nacionis
1387 570 1523 614 prefate
1554 570 1677 614 sigillo
1715 571 1884 603 duximus
1919 572 2143 616 sigillandas.

282 639 408 670 Datum
439 649 533 670 anno
563 636 708 669 Domini
738 636 932 669 millesimo
954 636 1061 670 CCC0
1082 636 1223 668 decimo
1253 648 1363 677 nono,
1394 636 1451 668 die
1482 635 1634 677 sabbati,
1662 637 1698 669 in
1725 638 1883 670 crastino
1912 638 2147 671 Exaltationis

282 710 403 737 sancte
433 704 574 744 Crucis,
597 703 757 736 Parisius
786 703 880 748 apud
910 703 1077 735 Sanctum
1106 702 1333 743 Matulinum,
1357 702 1590 747 presentibus
1621 703 1805 748 magistris
1832 704 1876 736 de
1899 704 2146 745 Ilube[r]villa,

280 777 404 803 nostre
445 769 608 802 nacionis
640 776 724 802 tunc
757 775 1008 814 procuratore3
1045 768 1208 802 Johanne
1247 768 1412 809 Kavoli⁶3
1448 768 1610 802 Johannc
1651 770 1832 809 Hamelin,
1874 770 2063 815 Radulpho
2104 771 2147 803 de

282 838 419 881 Hacoq,
456 835 653 869 Guillelmo
688 836 732 868 de
766 836 958 880 W'isseym
994 836 1100 868 Petro
1131 836 1260 868 Paree‘
1291 842 1326 868 et
1352 837 1497 880 Rogero
1524 836 1690 877 Ponceti,
1725 837 1921 881 predictam
1959 837 2145 869 nacionem

281 909 439 936 nostram
462 902 688 946 regentibus,
716 909 751 935 et
775 901 986 946 hujusmodi
1015 908 1200 942 statutum,
1233 914 1297 947 per
1323 909 1444 935 nostra
1469 903 1672 947 juramenta
1700 903 1735 935 in
1764 910 1885 936 sancta
1916 903 1982 935 Dei
2008 905 2149 936 Evuan-

281 969 375 1014 gelia
403 968 641 1014 corporaliter
671 969 820 1013 prestita
847 980 865 1001 a
893 967 999 1001 nobis
1026 975 1061 1001 et
1085 968 1232 1001 nomine
1263 968 1439 1013 quolibet,
1466 968 1682 1001 facientibus
1711 976 1746 1001 et
1773 981 1944 1014 expresse
1972 969 2149 1002 ratifican—

281 1035 390 1076 tibus,
413 1042 448 1068 et
467 1035 503 1067 in
529 1035 622 1068 dicta
646 1034 812 1067 facultate
839 1041 923 1067 tunc
954 1041 1034 1067 actu
1065 1034 1295 1079 regentibus,
1328 1047 1392 1079 pcr
1419 1034 1601 1067 bedellum
1628 1042 1751 1068 nostre
1785 1036 1945 1068 nacionis
1973 1036 2148 1081 predicte,

282 1102 326 1135 de
347 1101 513 1134 mandato
535 1101 663 1146 prefati
689 1101 948 1146 procuratoris,
971 1101 1014 1133 ad
1035 1100 1102 1133 hoc
1127 1101 1334 1145 specialiter
1360 1101 1530 1134 evocatis.

374 1187 436 1210 Cod.
456 1187 577 1214 Hal-cur„
595 1186 639 1209 fol.
656 1186 710 1209 142.
725 1200 752 1203 —
767 1186 905 1215 Jourduin,
922 1190 950 1208 n⁰
965 1187 1019 1209 453.

374 1258 395 1281 1.
417 1258 464 1281 Ms.
482 1266 487 1280 ·.
506 1266 517 1280 «
534 1257 690 1280 substitatas
707 1266 728 1280 ».
748 1270 779 1275 —-
801 1258 824 1280 2.
843 1257 934 1280 Manus
950 1257 1037 1288 prima
1057 1265 1105 1280 ms.
1122 1265 1127 1279 ·.
1147 1265 1158 1279 «
1174 1260 1293 1288 regentes
1310 1265 1332 1286 1),
1355 1265 1424 1280 man.
1446 1265 1498 1280 sec.
1515 1266 1519 1279 ·.
1539 1266 1550 1280 (t
1567 1258 1680 1288 regendo
1698 1266 1718 1280 ι).
1737 1272 1763 1275 -
1780 1259 1802 1281 3.
1819 1258 1867 1281 Ms.
1882 1266 1886 1281 ε
1905 1267 1916 1280 1(
1933 1258 2065 1289 inceptore
2082 1266 2104 1281 ›>.
2121 1272 2148 1275 —

281 1303 304 1325 [1.
321 1302 427 1325 Karoli?
449 1315 480 1319 —
495 1304 518 1325 5.
534 1302 562 1325 V.
580 1302 649 1325 intra
664 1305 692 1324 n0
706 1302 760 1329 928,
777 1305 848 1325 nota.

2146 1394 2161 1401 x

283 1424 393 1460 785.
417 1432 556 1458 Rohertus
572 1432 607 1457 de
621 1431 777 1457 Plailliaco
792 1432 1015 1457 archidiaconns
1033 1431 1262 1465 Silvanectensis,
1282 1432 1353 1458 vices
1367 1441 1467 1466 gerens
1489 1432 1689 1458 Silvanectens.
1709 1433 1844 1468 episcopi,
1863 1434 2068 1458 conservatoris
2086 1434 2149 1469 pri-

371 1480 533 1515 vilegiorum
556 1481 737 1506 universitati
758 1481 958 1515 magistrorum
981 1484 1009 1506 et
1033 1480 1188 1506 scolarium
1211 1481 1304 1506 Paris.
1331 1490 1349 1506 a
1371 1481 1438 1506 sede
1461 1481 1623 1517 apostolica
1651 1481 1834 1513 indultorum,
1859 1485 1953 1507 notum
1980 1482 2053 1515 facit
2075 1482 2151 1517 quod

370 1531 496 1556 Renerus
511 1529 605 1555 dictus
618 1530 717 1555 Desies
733 1529 768 1555 de
783 1529 927 1565 IIastaple
942 1529 1077 1555 dilectum
1091 1538 1173 1554 sunm
1193 1530 1361 1563 magistrum
1381 1530 1537 1556 Iohannem
1557 1531 1664 1556 dictum
1685 1531 1798 1564 Vignon,
1822 1530 1963 1564 clericum,
1982 1531 2059 1556 curie
2075 1531 2151 1556 dicte

370 1578 591 1604 conservationis
611 1579 764 1612 notariam,
779 1582 941 1614 presentem
957 1578 1143 1603 exhibitorem
1165 1587 1245 1603 suum
1266 1578 1340 1612 facit
1362 1582 1388 1604 et
1399 1582 1614 1614 procuratorem
1633 1579 1796 1613 generalem
1813 1579 1936 1605 ordinat.
1955 1581 2059 1604 Datum
2076 1588 2150 1605 anno

369 1627 482 1653 Domini
497 1628 530 1653 M
539 1628 616 1653 CCCo
631 1627 739 1653 decimo
755 1636 836 1661 nono,
855 1627 901 1652 die
918 1627 1019 1652 triariis
1032 1630 1099 1662 post
1113 1629 1219 1660 festum
1237 1626 1320 1652 beate
1336 1627 1473 1653 Kalerine
1485 1627 1609 1661 virginis.

1577 1712 1647 1741 1319,
1664 1712 1808 1738 Novembris
1822 1713 1865 1737 27.

372 1786 507 1817 Originale
529 1786 554 1809 in
570 1786 646 1809 Arch.
663 1789 716 1809 nat.
734 1786 816 1809 Paris.
833 1787 866 1809 M.
882 1788 938 1814 66⁹,
955 1790 983 1809 11⁰
1001 1787 1036 1810 13.
1056 1787 1181 1817 Superest
1196 1786 1305 1809 membr.
1322 1786 1474 1814 taeniolum,
1491 1787 1584 1809 avulso
1601 1786 1698 1817 sigillo.

281 1951 391 1988 786.
414 1961 546 1996 lacobus,
564 1960 710 1996 sigillator
723 1962 920 1996 Lingonensis,
940 1962 968 1987 in
982 1962 1108 1996 gratiam
1125 1961 1257 1995 magistri
1271 1961 1409 1987 lobannis
1421 1961 1456 1988 de
1473 1961 1628 1996 Villanova,
1643 1963 1692 1997 qui
1707 1962 1832 1988 Parisiis
1847 1962 1993 1988 scholares
2005 1964 2033 1989 in
2044 1962 2149 1997 linguis

368 2009 512 2036 chaldaea
528 2014 555 2036 et
570 2010 696 2036 hebraea
713 2010 815 2045 erudit,
831 2010 985 2046 pecuniam
1001 2011 1111 2046 recipit.

1398 2046 1472 2075 7320,
1488 2045 1621 2072 Februarii
1631 2047 1655 2076 2,
1669 2046 1688 2081 [
1689 2047 1838 2079 Lingonibus
1838 2047 1864 2081 J.

370 2121 446 2165 Ego
466 2120 636 2162 Jacohus,
660 2120 840 2165 sigillator
861 2121 1121 2166 Lingonensis,
1145 2120 1338 2165 deputatus
1359 2132 1377 2152 a
1398 2120 1598 2153 venerabili
1620 2127 1654 2153 et
1676 2121 1835 2154 discreto
1856 2122 1933 2154 viro
1955 2122 2103 2154 domino
2127 2148 2147 2154 ..

280 2186 324 2219 de
346 2186 548 2228 Sacilliaco,
570 2187 744 2219 canonico
761 2187 977 2228 Arriciensi,
996 2186 1187 2220 reverendi
1205 2187 1241 2219 in
1259 2186 1405 2220 Christo
1423 2186 1534 2231 patris
1551 2199 1589 2219 ae
1607 2186 1756 2228 domini,
1780 2187 1917 2219 domini
1934 2187 2148 2229 Guilliehni,

280 2253 346 2285 Dei
366 2253 480 2298 gratia
501 2253 748 2298 Lingonensis
770 2253 947 2298 episcopi,
969 2253 1104 2286 vicario
1131 2253 1294 2298 generali
1316 2253 1360 2285 ad
1388 2253 1637 2297 recipiendum
1660 2265 1678 2285 a
1700 2254 1870 2297 personis
1892 2253 2150 2286 ecclesiasticis

279 2319 434 2352 civitatis
455 2326 490 2352 et
511 2319 679 2364 dyocesis
701 2319 947 2364 Lingonensis
969 2331 1143 2352 summam
1162 2319 1316 2364 pecunie
1337 2325 1487 2352 taxatam
1510 2331 1573 2364 pro
1596 2320 1767 2364 expensis
1790 2320 1953 2364 magistri
1973 2319 2149 2353 Johannis

280 2385 325 2418 de
350 2385 445 2419 Villa
473 2387 571 2418 Nova
593 2385 739 2430 Regis¹,
762 2386 996 2418 Belvacensis
1018 2386 1199 2431 dyocesis,
1223 2386 1283 2430 qui
1306 2385 1391 2417 olim
1418 2397 1436 2417 a
1456 2385 1602 2429 judaice
1629 2386 1790 2418 cecitatis
1817 2397 1940 2418 errore
1971 2386 2014 2418 ad
2041 2385 2149 2418 fidem

281 2451 493 2484 catholicam
515 2463 553 2484 se
575 2452 767 2493 convertit,
789 2451 832 2484 ab
853 2452 934 2497 ipso
955 2451 1023 2485 hoc
1045 2464 1138 2485 anno
1160 2451 1336 2484 faciendis
1358 2452 1518 2484 Parisius
1539 2463 1604 2496 pro
1627 2451 1830 2484 scolaribus
1852 2452 2064 2484 erudiendis
2085 2464 2150 2497 per

279 2517 398 2562 ipsum
418 2517 455 2550 in
474 2517 612 2562 linguis
635 2517 783 2551 chaldea
805 2525 840 2551 et
859 2518 1005 2559 hebrea,
1029 2519 1149 2563 recepi
1171 2530 1188 2550 a
1210 2518 1346 2550 decano
1369 2524 1404 2550 et
1424 2517 1580 2562 capitulo
1602 2518 1739 2562 capelle
1761 2518 1883 2551 divitis
1904 2518 2148 2563 Dyvionensis

280 2583 471 2616 duodecim
489 2583 658 2616 denarios
679 2583 857 2616 bonorum
879 2584 1072 2629 parisiens.
1095 2596 1160 2629 pro
1182 2584 1289 2616 dictis
1310 2584 1493 2628 expensis.
1517 2585 1644 2616 Datum
1666 2583 1734 2616 sub
1756 2584 1878 2629 sigillo
1900 2584 1999 2617 curie
2016 2585 2149 2630 Lingo-

280 2649 405 2682 nensis
427 2649 484 2682 die
506 2649 645 2682 sabbati
661 2650 698 2682 in
714 2650 806 2682 sesto
824 2650 1089 2683 Purificationis
1110 2650 1213 2682 beate
1231 2649 1343 2682 Marie
1363 2649 1542 2694 Virginis,
1559 2661 1652 2682 anno
1670 2650 1814 2682 Domini
1831 2651 1990 2684 M⁰CCC⁰
2007 2651 2148 2683 decimo

282 2727 393 2748 nono.

372 2795 449 2818 Arch.
465 2795 609 2826 deportem.
627 2795 658 2818 de
678 2796 704 2818 la
724 2795 870 2825 Ceste-&On
884 2796 960 2819 Arch.
978 2796 1009 2819 de
1031 2796 1056 2818 la
1073 2795 1211 2826 collegiale.
1226 2795 1410 2823 Notre-Dame,
1427 2795 1479 2818 dite
1498 2795 1524 2818 la
1543 2795 1854 2826 Chapelle-aux-Riches,
1871 2799 1960 2819 carten
1977 2796 1998 2819 1.
2021 2810 2048 2814 —
2072 2797 2151 2819 Jour-

278 2839 348 2869 dain,
369 2840 410 2863 Un
424 2840 526 2870 colleye
540 2840 661 2864 oriental
675 2841 693 2864 ἀ
708 2840 792 2864 Paris
807 2840 834 2863 in
849 2840 945 2864 Revue
959 2841 1004 2864 des
1016 2840 1125 2864 socie'ce's
1140 2844 1280 2867 sanantes,
1296 2840 1320 2862 ΞΘ
1336 2839 1411 2867 serie,
1428 2843 1490 2863 tom.
1507 2840 1540 2862 VI
1557 2840 1646 2869 (1861),
1661 2848 1688 2871 p.
1705 2841 1744 2863 66.

372 2905 394 2928 1.
412 2906 462 2933 Sea
476 2906 604 2929 Johannis
621 2903 727 2930 Salvats
736 2906 767 2930 de
780 2904 918 2930 Novavilla
932 2906 1019 2937 Regis.
1036 2906 1074 2929 Cf.
1092 2914 1173 2937 supra
1189 2910 1218 2928 n⁰
1232 2903 1288 2941 777.
