2534 3444
391 355 457 387 420
972 367 1288 390 cnxa'rULAmUM
1323 365 1508 387 UNIVERS.
1545 364 1672 385 Panis.
2159 349 2259 386 [1333

393 438 440 472 sit
469 438 590 472 dicere
620 439 719 484 quod
747 452 820 472 non
849 447 903 473 est
932 440 1003 473 nisi
1032 440 1166 485 duplex
1197 439 1401 484 paradisus,
1433 437 1574 470 scilicet
1603 437 1804 482 corporalis
1833 436 1950 470 celum
1981 436 2194 481 empireum,
2224 442 2260 468 et

392 505 606 550 spiritualis,
633 505 773 539 scilicet
798 506 899 539 beata
920 507 1013 539 visio
1034 520 1064 547 n,
1093 506 1261 538 dixerunt
1290 516 1417 537 omnes
1450 503 1603 549 predicti
1635 503 1797 549 magistri
1828 510 1864 536 et
1891 509 2105 549 reputarunt
2138 502 2257 547 ipsum

390 571 581 604 articulum
603 584 808 605 erroneum.

479 638 535 670 Ad
555 644 720 683 quartum
748 638 937 671 articulum
967 638 1028 682 qui
1050 638 1131 671 talis
1153 644 1208 670 est
1225 648 1232 670 :
1252 638 1415 670 «Utrum
1445 636 1661 670 catholicum
1687 649 1731 669 an
1755 636 1954 670 hereticum
1981 636 2038 670 vel
2063 647 2254 669 erroneum

391 704 439 736 sit
460 704 582 737 dicere
611 704 708 749 quod
737 705 855 737 anima
885 711 1047 749 separata
1068 716 1086 736 a
1107 715 1261 748 corpore
1282 715 1356 736 non
1384 702 1515 736 habeat
1540 702 1668 736 oculos
1695 702 1906 748 corporales
1928 709 1965 736 ut
1984 702 2105 736 videat
2129 714 2258 747 corpo-

391 770 477 803 ralia
497 777 532 803 et
556 771 592 803 in
614 771 666 803 eis
688 770 900 811 delectetur,
929 777 963 803 et
990 782 1052 815 per
1072 769 1284 813 hujusmodi
1310 769 1444 803 dictum
1471 769 1626 815 probare
1647 769 1745 814 quod
1765 769 1882 802 anima
1906 781 1980 802 non
2000 768 2200 802 delectatur
2220 769 2257 801 in

390 836 531 869 visione
562 836 793 869 humanitatis
823 836 1008 877 Christi»,
1037 836 1120 868 dicti
1153 836 1292 868 domini
1319 836 1484 881 magistri
1505 835 1737 869 concorditer
1757 835 2024 881 respondentes
2045 841 2259 880 reputarunt

389 902 508 947 ipsum
540 915 745 935 erroneum.
778 903 904 935 Dictus
934 909 1051 935 autem
1083 902 1254 935 dominus
1283 902 1581 948 archiepiscopus
1612 902 1917 948 Rothomagensis
1952 908 1987 934 et
2022 901 2131 934 frater
2170 902 2257 934 Ber-

390 968 524 1001 nardus
553 968 703 1001 Oliverii
734 968 914 1009 dixerunt,
944 968 1042 1013 quod
1071 968 1101 1001 si
1129 968 1296 1002 excludat
1325 968 1602 1002 delectationem
1633 968 1915 1002 intellectualem
1937 974 1994 1001 est
2013 979 2203 1008 erroneus,
2226 967 2257 1000 si

389 1034 612 1075 sensitivam⁷
640 1046 724 1075 non,
752 1041 807 1067 sct
835 1041 891 1067 est
918 1035 1053 1067 dictum
1083 1034 1336 1068 ridiculosum.
1364 1037 1408 1069 Et
1432 1048 1512 1069 cum
1534 1042 1719 1081 peteretur
1744 1035 1879 1068 ibidem
1901 1034 1945 1067 ab
1970 1034 2051 1067 aliis
2072 1033 2256 1079 magistris

387 1112 452 1145 per
486 1100 619 1133 dictum
655 1100 841 1133 dominum
878 1101 1091 1146 episcopum
1129 1101 1390 1144 Tusculanum,
1426 1109 1547 1135 utrum
1586 1101 1760 1135 articulus
1795 1102 1863 1134 iste
1898 1100 2113 1146 simpliciter
2146 1107 2256 1145 neget

386 1178 528 1198 omnem
557 1166 833 1199 delectationem
855 1167 892 1199 in
914 1167 1207 1213 corporabilibus
1235 1168 1517 1202 intellectualem
1539 1175 1575 1201 et
1595 1168 1804 1202 sensitivam
1826 1167 1870 1200 ab
1895 1167 2012 1200 anima
2039 1174 2201 1212 separata
2221 1172 2257 1199 et

386 1232 422 1264 in
443 1231 663 1265 humanitate
690 1232 839 1275 Christi,
869 1245 996 1267 omnes
1027 1234 1197 1268 dixerunt
1227 1235 1387 1280 exceptis
1415 1235 1590 1280 predictis
1617 1235 1775 1268 dominis
1796 1233 2071 1279 archiepiscopo
2093 1239 2128 1266 et
2146 1233 2255 1266 fratre

386 1298 586 1341 Bernardo,
605 1299 702 1343 quod
725 1299 843 1333 dictus
864 1300 1038 1334 articulus
1060 1301 1276 1346 simpliciter
1296 1301 1452 1347 negabat
1472 1302 1733 1335 delectationes
1753 1300 1993 1346 supradictas,
2015 1311 2089 1332 non
2109 1299 2256 1333 obstan-

386 1364 482 1397 tibus
512 1364 793 1410 allegationibus
824 1367 860 1399 in
890 1368 1112 1400 contrarium
1141 1368 1258 1410 sactis,
1290 1375 1324 1401 et
1353 1368 1436 1401 ideo
1467 1368 1601 1401 dictum
1631 1367 1822 1401 articulum
1858 1373 1896 1400 ut
1925 1366 2027 1412 prius
2061 1378 2254 1399 erroneum

385 1438 608 1476 reputarunt.

472 1497 527 1530 Ad
554 1498 713 1543 quintum
743 1499 932 1532 articulum
964 1500 1026 1544 qui
1053 1500 1135 1533 talis
1163 1508 1271 1534 est:«
1290 1503 1418 1535 Utrum
1446 1501 1661 1535 catholicum
1690 1512 1734 1533 an
1761 1500 1961 1533 hereticum
1981 1499 2040 1533 vel
2060 1510 2253 1531 erroneum

383 1564 430 1597 sit
449 1564 570 1596 dicere
592 1565 689 1609 quod
711 1577 784 1598 non
810 1573 910 1599 esset
934 1566 1066 1600 melius
1086 1568 1203 1600 anime
1224 1568 1381 1613 apostoli
1401 1568 1563 1601 resolute
1583 1580 1602 1601 a
1622 1579 1728 1601 carne
1751 1579 1834 1600 esse
1858 1566 2018 1599 resoluta
2039 1577 2057 1598 a
2078 1577 2198 1606 carne,
2220 1571 2256 1598 et

383 1642 465 1663 esse
499 1642 579 1663 cum
613 1631 760 1665 Christo
791 1632 827 1664 in
858 1633 1040 1678 paradiso,
1072 1645 1177 1678 quam
1209 1646 1292 1668 esse
1322 1635 1359 1668 in
1389 1647 1510 1677 carne,
1541 1635 1661 1680 posito
1691 1634 1789 1679 quod
1818 1645 1891 1666 non
1920 1632 2062 1666 videret
2096 1632 2253 1665 divinam

383 1698 576 1730 essentiam
608 1697 703 1731 clare
722 1712 753 1740 »,
785 1711 912 1732 omnes
943 1699 1029 1733 dicti
1063 1701 1229 1746 magistri
1263 1701 1534 1747 responderunt
1565 1713 1647 1735 esse
1680 1712 1886 1734 erroneum.
1922 1699 2101 1732 Dominus
2134 1705 2254 1731 autem

382 1763 679 1809 archiepiscopus
708 1765 1014 1811 Rothomagensis
1042 1767 1132 1800 dixit
1156 1767 1265 1809 idem,
1289 1768 1320 1801 si
1346 1775 1444 1801 esset
1468 1768 1518 1801 ibi
1545 1768 1707 1801 exclusio
1728 1767 1882 1801 visionis
1904 1773 1939 1799 et
1956 1765 2141 1799 fruitionis
2162 1764 2253 1798 divi-

382 1831 504 1863 nitatis
526 1837 674 1873 tantum,
698 1832 869 1866 omnibus
891 1833 972 1866 aliis
993 1833 1243 1876 manentibus3
1268 1841 1302 1868 et
1323 1835 1444 1868 dicere
1466 1835 1564 1880 q'uod
1589 1841 1688 1868 esset
1707 1833 1858 1867 multum
1885 1832 2047 1866 deterius
2068 1843 2150 1864 esse
2171 1842 2252 1864 cum

381 1896 526 1930 Christo
548 1898 618 1930 isto
640 1898 748 1931 modo
771 1911 876 1943 quam
898 1911 1112 1944 permanere
1133 1900 1170 1933 in
1190 1913 1311 1943 carne,
1329 1908 1364 1934 et
1384 1901 1482 1946 quod
1503 1908 1602 1934 esset
1621 1901 1815 1946 dampnum
1837 1899 1953 1945 magis
1972 1910 2078 1943 quam
2094 1897 2251 1939 lucrum,

383 1963 508 1996 dicunt
528 1976 654 1997 omnes
675 1965 867 1998 articulum
889 1966 998 1999 istum
1020 1966 1136 2012 magis
1157 1979 1363 2000 erroneum.

471 2030 527 2063 Ad
546 2036 684 2065 sextum
705 2031 896 2065 articulum
918 2033 980 2078 qui
999 2033 1081 2066 talis
1101 2040 1157 2066 est
1174 2045 1181 2066 :
1202 2048 1218 2065 «
1241 2035 1368 2068 Utrum
1391 2034 1606 2067 catholicum
1628 2046 1672 2067 an
1692 2033 1892 2066 hereticum
1911 2031 1970 2066 vel
1990 2042 2183 2064 erroneum
2206 2030 2254 2063 sit

383 2096 504 2128 dicere
526 2097 623 2141 quod
644 2098 801 2143 apostoli
826 2099 994 2132 videntes
1014 2099 1272 2133 humanitatem
1294 2100 1430 2134 Christi
1458 2101 1564 2134 oculo
1583 2100 1776 2145 corporali,
1798 2099 1974 2132 haberent
1999 2104 2134 2131 tantum
2157 2096 2252 2129 noti·-

382 2163 470 2195 ciam
500 2163 584 2195 fidei
612 2164 648 2196 in
674 2165 862 2198 intellectu
892 2165 936 2198 de
963 2166 1041 2211 ipsa
1068 2166 1288 2200 humanitate
1310 2167 1494 2208 Christi»,
1518 2167 1688 2200 dixerunt
1708 2178 1835 2199 omnes
1860 2164 2024 2210 magistri
2046 2170 2081 2197 et
2101 2174 2251 2196 concor—

383 2228 476 2262 diter
496 2236 710 2274 reputarunt
727 2243 933 2264 erroneum.

470 2296 527 2328 Ad
545 2297 731 2340 septimum
754 2298 945 2330 articulum
967 2299 1028 2343 qui
1050 2299 1132 2332 talis
1154 2306 1233 2332 est:
1258 2314 1274 2331 «
1299 2301 1426 2333 Utrum
1447 2300 1662 2333 catholicum
1684 2312 1729 2332 an
1749 2299 1950 2332 hereticum
1975 2297 2033 2331 vel
2058 2307 2251 2329 erroneum

383 2362 430 2394 sit
459 2362 580 2395 dicere
611 2363 709 2407 quod
738 2363 911 2397 habitatio
949 2365 1110 2407 celestis,
1149 2366 1388 2411 corporaliter
1427 2373 1570 2412 accepta
1612 2366 1743 2407 solum,
1786 2364 1899 2398 nichil
1937 2363 2102 2409 proficiat
2133 2362 2252 2395 anime

384 2434 546 2472 separate
565 2442 594 2470 »,
618 2441 745 2462 omnes
773 2430 927 2475 predicti
955 2432 1119 2477 magistri
1147 2432 1317 2466 dixerunt
1341 2445 1423 2466 esse
1452 2445 1645 2466 erroneum
1674 2431 1900 2477 simpliciter.
1930 2429 2107 2463 Dominus
2132 2434 2251 2461 autem

384 2494 687 2539 Rothomagensis
712 2496 1012 2542 archiepiscopus
1039 2498 1129 2531 dixit
1149 2499 1247 2544 quod
1273 2499 1317 2532 de
1344 2500 1476 2533 virtute
1498 2499 1678 2532 sermonis
1705 2505 1760 2531 est
1784 2508 1975 2538 erroneus,
1998 2502 2053 2528 set
2078 2494 2122 2527 de
2142 2493 2250 2527 modo

383 2559 570 2604 loquendi,
593 2561 623 2594 si
653 2562 833 2595 «nichil»
856 2564 1053 2608 accipiatur
1083 2577 1147 2610 pro
1175 2578 1386 2611 «parum»,
1414 2573 1454 2599 ut
1483 2566 1589 2598 etiam
1619 2565 1838 2611 quandoque
1870 2564 1907 2596 in
1938 2574 2038 2596 sacra
2073 2561 2250 2606 scriptura

383 2626 570 2670 accipitur,
593 2628 683 2660 dixit
703 2635 787 2661 tunc
809 2629 918 2662 istum
940 2631 1132 2665 articulum
1154 2644 1227 2665 non
1248 2644 1455 2666 erroneum.

472 2692 529 2724 Ad
556 2699 713 2727 octavum
741 2695 931 2728 articulum
962 2698 1023 2741 qui
1052 2698 1132 2731 talis
1158 2705 1237 2731 est:
1258 2714 1274 2730 ι(
1293 2701 1421 2732 Utrum
1450 2699 1664 2733 catholicum
1693 2711 1737 2732 an
1757 2698 1957 2731 hereticum
1977 2695 2035 2729 vel
2056 2704 2249 2727 erroneum

385 2757 432 2790 sit
452 2757 572 2790 dicere
594 2760 690 2803 quod
711 2761 826 2793 anima
850 2770 1012 2806 separata
1033 2776 1106 2796 non
1128 2765 1327 2798 delectatur
1345 2766 1382 2798 in
1402 2766 1504 2811 puris
1525 2765 1789 2811 corporalibus,
1808 2776 1851 2797 eo
1868 2763 1966 2808 quod
1983 2768 2038 2795 est
2053 2760 2247 2806 spiritus»,

385 2823 654 2867 responderunt
674 2832 709 2857 ct
729 2826 897 2860 dixerunt
918 2841 1045 2862 omnes
1071 2831 1235 2876 magistri
1262 2844 1470 2875 erroneum,
1492 2839 1527 2866 et
1548 2833 1717 2865 dominus
1737 2830 2035 2875 archiepiscopus
2057 2825 2249 2859 Rothoma-

384 2889 510 2933 gensis
531 2889 648 2934 ipsum
672 2891 775 2923 etiam
799 2900 940 2937 reputat
961 2907 1153 2929 erroneum
1176 2898 1219 2930 de
1241 2898 1481 2932 delectatione
1502 2898 1751 2932 intellectuali.
