2534 3444
303 347 398 385 1334]
703 359 749 380 AB
784 358 890 380 Anno
923 357 1158 380 MCCLxxxvi
1193 357 1325 386 USQUE
1361 358 1409 379 AD
1443 357 1581 379 ANNUM
1616 358 1757 380 mecei..
2099 349 2162 382 431

301 434 480 467 dominica
506 433 558 478 iiij
588 433 777 466 Adventus
803 431 840 464 in
868 438 986 464 vestra
1016 431 1199 475 presentia
1229 431 1453 472 dixeramus,
1484 431 1737 475 redigeremus
1767 431 1803 463 in
1833 431 1995 476 scriptis,
2028 433 2164 466 nostris

300 499 434 533 ibidem
462 498 596 544 sigillis
623 497 808 543 appensis,
836 496 922 530 licet
948 497 1297 542 supplicavissemus
1324 496 1422 541 quod
1448 496 1492 529 de
1516 496 1587 529 hiis
1609 509 1678 541 que
1699 498 1772 541 jam
1795 497 2014 538 dixeramus,
2036 498 2164 543 digna-

301 573 400 600 retur
418 572 538 599 vestra
558 564 738 598 celsitudo
767 564 866 608 regia
893 564 1108 605 contentari,
1134 563 1191 596 vel
1219 563 1317 608 quod
1343 563 1437 596 sicut
1457 562 1611 608 quilibet
1636 563 1820 608 sigillatim
1844 564 2094 608 responderat,
2117 565 2164 598 ita

300 633 337 665 in
367 631 512 677 scriptis
542 630 728 676 redigeret
756 629 956 675 sigillatim,
985 637 1103 662 tamen
1134 629 1301 662 nolentes
1330 629 1463 662 vestris
1489 628 1722 674 jussionibus
1749 630 1943 670 contraire,
1974 637 2164 674 presentes

299 698 436 731 litteras
464 697 532 731 sub
559 697 783 742 appensione
810 696 1016 742 sigillorum
1045 703 1253 729 nostrorum
1279 696 1316 728 in
1342 696 1603 740 premissorum
1631 695 1879 729 testimonium
1907 696 2020 740 regali
2047 696 2166 729 excel—

299 764 415 797 lencie
437 764 606 797 duximus
627 762 894 797 concedendas.

389 832 432 863 Et
452 841 519 863 nos
546 829 766 863 Guillelmus
787 829 820 862 le
841 830 981 870 Petit²³,
1004 829 1183 862 Henricus
1209 829 1253 861 de
1280 829 1448 870 Semons,
1474 828 1641 861 minister
1667 828 1900 873 provincialis
1926 828 2076 862 Ordinis
2097 829 2166 861 fra-

300 904 393 930 trum
410 897 591 930 Minorum
608 896 645 929 in
662 896 857 937 Francia²⁶,
875 896 1028 941 Egidius
1045 895 1089 928 de
1106 895 1295 936 Pertico²⁷,
1313 894 1497 928 Johannes
1519 895 1563 927 de
1583 895 1617 928 S.
1636 895 1812 940 Dionysio
1833 892 1982 928 Ordinis
2000 895 2034 928 S.
2054 896 2166 928 Bene-

300 963 398 1004 dicti,
421 962 641 996 Guillelmus
662 963 846 1003 Herces²⁸,
869 962 1147 1007 penitentiarius
1169 962 1399 1003 Parisiensis,
1427 968 1462 994 et
1487 961 1668 995 Robertus
1699 961 1743 994 de
1773 961 1948 1003 Bardis²⁹,
1972 962 2009 994 in
2040 962 2165 995 eadem

298 1029 465 1062 facultate
492 1029 697 1074 theologica
725 1029 907 1069 doctores,
937 1029 998 1074 qui
1027 1029 1063 1061 in
1094 1029 1187 1061 dicta
1215 1028 1476 1061 convocatione
1501 1028 1591 1061 facta
1617 1028 1653 1060 in
1675 1040 1823 1061 nemore
1843 1028 2061 1062 Vicenarum
2083 1041 2165 1074 pre-

300 1103 422 1129 sentes
453 1108 525 1128 non
554 1096 689 1128 fuimus
719 1107 762 1128 ex
791 1095 911 1128 causis
944 1095 1119 1140 legitimis
1152 1095 1330 1140 impediti,
1367 1095 1597 1140 postmodum
1633 1095 1670 1127 in
1700 1094 1781 1127 aliis
1816 1095 2166 1140 congregationibus

299 1169 420 1196 vestro
456 1162 602 1195 nomine
637 1161 817 1207 requisiti,
853 1162 1043 1206 premissis
1076 1160 1332 1206 questionibus
1366 1160 1606 1194 consimiliter
1639 1173 1719 1194 cum
1754 1160 1902 1205 prefatis
1937 1161 2100 1206 patribus
2132 1168 2167 1195 et

300 1229 485 1273 magistris
512 1240 576 1273 per
605 1228 724 1261 omnia
752 1227 1031 1273 respondemus,
1054 1235 1088 1261 et
1117 1228 1212 1260 idem
1243 1227 1341 1272 quod
1370 1228 1441 1272 ipsi
1472 1227 1641 1260 dixerunt
1665 1228 1701 1259 in
1728 1227 1888 1271 predicta
1911 1228 2070 1269 materia,
2093 1240 2165 1261 cre-

300 1295 419 1328 dimus
441 1302 476 1328 et
496 1295 686 1328 sentimus.
719 1296 759 1327 In
786 1296 890 1340 cujus
918 1295 971 1327 rei
1000 1294 1248 1328 testimonium
1279 1294 1401 1339 sigilla
1431 1301 1553 1327 nostra
1580 1306 1648 1326 una
1676 1305 1756 1326 cum
1778 1294 1912 1339 sigillis
1938 1306 2063 1328 eorum
2089 1307 2166 1340 pre-

299 1361 465 1394 sentibus
490 1361 622 1394 litteris
649 1361 818 1394 duximus
843 1361 1071 1406 apponenda.
1101 1362 1229 1394 Datum
1251 1361 1412 1393 Parisius
1433 1361 1529 1405 apud
1551 1361 1719 1394 Sanctum
1742 1361 1961 1393 Maturinum
1984 1361 2021 1393 in
2042 1368 2166 1394 nostra

299 1428 584 1473 congregatione
614 1427 778 1472 generali
807 1428 1064 1473 magistrorum
1091 1427 1128 1460 in
1150 1427 1333 1472 theologia
1360 1427 1565 1472 regentium
1597 1433 1632 1459 et
1661 1438 1735 1459 non
1765 1427 1984 1472 regentium,
2007 1428 2168 1460 secunda

299 1494 357 1527 die
377 1495 550 1536 Januarii,
572 1506 667 1528 anno
688 1494 834 1528 Domini
856 1494 1202 1528 M⁰CCC⁰XXX⁰IIL

392 1609 527 1641 Originale
543 1609 569 1632 in
584 1609 651 1632 Bibl.
668 1612 721 1632 nat.
738 1609 822 1632 Paris.
840 1618 888 1632 ms.
905 1610 952 1633 lat.
969 1610 1053 1633 11744.
1071 1609 1141 1633 Olim
1156 1609 1294 1632 exstabant
1309 1610 1339 1632 29
1354 1609 1452 1640 sigilla,
1470 1608 1628 1639 subscriptis
1646 1608 1672 1631 in
1688 1608 1758 1639 plica
1774 1609 1803 1631 29
1818 1608 1968 1632 nominibus
1985 1609 2168 1640 theologorum

298 1661 380 1685 supra
394 1653 420 1676 in
435 1653 567 1685 principio
582 1657 607 1677 et
622 1653 648 1676 in
661 1653 712 1677 fine
725 1654 893 1677 instrumenti
908 1653 1061 1677 relatorum.
1079 1654 1228 1685 Supersunt
1243 1654 1272 1676 23
1287 1654 1341 1677 fila.
1359 1653 1424 1676 Ibid.
1442 1653 1527 1681 16576,
1545 1653 1590 1676 fol.
1606 1653 1644 1676 52.
1658 1652 1800 1682 Launoius,
1816 1652 1883 1684 Req.
1899 1653 2048 1678 Navarrae
2068 1660 2165 1685 yymn.

297 1697 392 1722 Paris.
418 1698 479 1723 hist.
494 1698 623 1727 (Parisiis,
640 1698 719 1727 1677),
735 1707 761 1729 p.
778 1698 821 1726 61;
833 1699 874 1722 De
887 1698 988 1722 scholis
1003 1699 1209 1727 celebrioribus,
1225 1706 1282 1729 cap.
1301 1699 1339 1723 59.
1355 1701 1397 1721 art
1412 1698 1449 1720 11.
1467 1698 1591 1725 Bulaeus,
1607 1696 1649 1726 IV,
1661 1698 1715 1725 236,
1731 1697 1765 1720 ad
1778 1705 1819 1720 an.
1833 1698 1893 1720 1332
1908 1706 1954 1721 seu
1968 1698 2037 1726 1333,
2053 1701 2082 1721 ut
2097 1698 2167 1729 apud

298 1742 463 1773 D'Argentre,
481 1742 548 1766 coll.
564 1743 639 1772 ᾐτιῶ,
660 1742 679 1772 1,
700 1742 755 1766 316.
776 1742 815 1765 Cf.
836 1743 941 1771 Baluze,
965 1743 1041 1767 Vitae
1061 1749 1126 1773 pap.
1142 1745 1239 1771 Aven„
1261 1743 1281 1772 I,
1298 1743 1351 1765 789.
1376 1742 1472 1765 Textus
1488 1742 1514 1764 in
1535 1741 1577 1764 his
1597 1741 1760 1772 apographis
1782 1742 1917 1765 erroribus
1934 1745 2025 1766 scatet.
2044 1756 2075 1760 —
2090 1743 2126 1766 De
2141 1750 2168 1766 re

296 1794 321 1810 v.
339 1786 450 1811 contin.
464 1786 578 1816 Νανιρίἰ,
595 1786 634 1809 ed.
652 1786 766 1813 Geraud.
784 1787 817 1816 11,
835 1787 879 1810 137
896 1795 954 1818 sqq.

393 1888 416 1911 1.
432 1888 524 1911 Petrus
539 1888 571 1911 de
589 1888 697 1911 Palude.
712 1901 743 1906 —-
758 1889 780 1911 2.
802 1889 895 1912 Petrus
919 1888 1035 1920 Rogerii.
1051 1902 1081 1906 —
1096 1889 1118 1912 3.
1135 1889 1165 1912 V.
1181 1896 1263 1919 supra
1282 1893 1310 1911 n⁰
1331 1890 1385 1912 746.
1403 1902 1435 1906 —
1453 1890 1476 1912 4.
1498 1889 1606 1912 Celeber
1621 1889 1808 1920 interpretator
1830 1897 1851 1912 s-
1875 1888 2031 1919 scripturae,
2053 1889 2097 1920 qui
2114 1897 2165 1912 sec.

296 1940 344 1956 ms.
369 1932 473 1956 Ceu-not.
495 1933 549 1961 359,
573 1933 617 1956 fol.
638 1933 692 1961 409,
715 1940 757 1956 an.
779 1933 841 1956 1330
856 1933 945 1963 (1331),
966 1933 1054 1956 Martii
1075 1934 1113 1962 20,
1136 1933 1247 1956 Parisiis
1272 1941 1397 1964 magnam
1418 1934 1668 1957 commentariorum
1692 1936 1795 1964 partem
1815 1933 2003 1964 compleverat.
2025 1934 2071 1958 An.
2096 1934 2165 1962 1332,

295 1976 356 2000 Maii
379 1977 417 2005 27,
437 1976 508 2000 Elias
529 1977 560 2000 de
579 1977 712 2008 Nabimzli,
728 1977 791 2001 Ord.
811 1977 874 2002 Min.
889 1979 921 2007 (v.
944 1985 1026 2008 supra
1040 1977 1074 2000 n¹⁸
1089 1978 1135 2001 886
1150 1981 1175 2001 et
1193 1977 1257 2009 911),
1274 1985 1288 2000 a
1303 1977 1423 2001 Johanne
1438 1978 1506 2001 XXII
1522 1978 1567 2001 100
1582 1978 1694 2001 florenos
1711 1977 1768 2000 auri
1784 1978 1893 2009 accepit,
1910 1977 1971 2009 quia
1987 1977 2010 2001 ei
2028 1977 2165 2008 postillam

296 2020 396 2044 Nicolai
411 2021 442 2044 de
457 2021 526 2049 Lira,
542 2021 569 2044 in
583 2021 670 2044 tribus
692 2022 796 2053 magnis
818 2022 998 2045 voluminibus
1020 2022 1127 2051 editam,
1148 2022 1281 2045 obtulerat
1297 2022 1383 2051 (ΑΙ-01].
1403 2023 1460 2045 Vat.
1484 2021 1599 2047 Introit.
1615 2026 1641 2047 et
1660 2022 1737 2051 exst,
1754 2026 1783 2045 n⁰
1798 2023 1836 2050 32,
1854 2022 1899 2045 sol.
1919 2022 1984 2054 57¹³).
2001 2022 2036 2045 De
2058 2022 2165 2045 Nicolao

296 2074 321 2089 v.
337 2068 362 2089 et
375 2074 457 2097 supra
479 2070 508 2088 n⁰
522 2066 576 2094 881,
590 2069 615 2089 et
631 2066 756 2094 Felibien,
770 2066 842 2091 Hisc.
859 2068 890 2090 de
906 2066 934 2090 la
949 2067 1014 2091 ville
1029 2068 1062 2091 de
1076 2067 1172 2095 Paris,
1184 2067 1213 2096 V,
1230 2067 1275 2090 636
1289 2075 1329 2098 sq.
1340 2080 1370 2084 —
1386 2069 1407 2090 5.
1429 2067 1570 2090 Menthon?
1589 2067 1691 2090 Menton
1703 2068 1712 2089 ?
1722 2080 1751 2084 —
1771 2068 1794 2090 6.
1812 2075 1823 2089 «
1841 2066 1960 2089 Matheus
1979 2067 2011 2090 de
2026 2066 2129 2089 Erchiis
2142 2074 2163 2094 »,

295 2117 341 2133 seu
358 2118 369 2133 t(
386 2110 505 2134 Hei-chiis
521 2118 542 2139 »‚
557 2110 620 2134 cler.
636 2109 771 2134 Constant.
788 2110 882 2139 dioec„
898 2119 939 2134 an.
958 2111 1028 2141 1329,
1044 2111 1105 2134 Maii
1117 2112 1140 2140 6,
1158 2112 1241 2135 factus
1255 2114 1295 2134 est
1309 2111 1450 2134 canonicus
1465 2111 1599 2135 Suession.
1618 2111 1689 2142 (Reg.
1703 2111 1760 2135 Vat.
1778 2111 1877 2134 Comm.
1892 2110 1951 2134 Joh.
1967 2111 2044 2140 XXII,
2060 2119 2101 2134 an.
2115 2111 2163 2138 13.,

292 2162 319 2185 p.
334 2155 358 2182 4,
374 2162 415 2186 ep.
432 2155 512 2184 3052).
529 2155 576 2179 An.
593 2155 653 2178 1328
667 2158 724 2178 erat
735 2155 791 2186 jam
805 2155 897 2179 doctor
913 2155 986 2184 (ibid.
1001 2163 1043 2179 an.
1061 2156 1098 2183 12,
1109 2164 1135 2187 p.
1153 2157 1176 2183 3,
1192 2164 1233 2186 ep.
1250 2156 1330 2185 2192).
1345 2169 1377 2173 —
1388 2157 1410 2178 7.
1426 2156 1455 2179 V.
1473 2163 1554 2187 supra
1568 2160 1597 2178 n⁰
1609 2156 1662 2178 805.
1679 2169 1710 2172 —
1723 2156 1745 2178 8.
1758 2156 1804 2178 An.
1823 2155 1884 2178 1335
1899 2155 1948 2178 iste
1960 2155 2088 2186 magister
2100 2155 2163 2178 Ord.

295 2197 403 2222 Cisterc.
419 2206 434 2221 a
449 2198 589 2222 Benedicta
603 2199 649 2222 XII
664 2199 747 2223 lector
761 2200 832 2231 apud
844 2200 1132 2231 Montempessulanum
1145 2200 1299 2231 designatus
1312 2203 1359 2230 est,
1372 2199 1440 2223 sicut
1455 2200 1582 2231 magister
1593 2200 1619 2222 in
1632 2199 1765 2230 theologia
1779 2199 1936 2223 Guillelmus
1953 2200 1993 2229 (de
2006 2199 2163 2230 Rivopullo),

296 2242 448 2266 monasterii
463 2242 495 2266 de
508 2242 635 2274 Populeto
657 2245 690 2273 (v.
713 2243 783 2267 infra
798 2247 827 2266 n⁰
843 2245 908 2273 995),
924 2244 1007 2275 ejusd.
1025 2244 1132 2267 Ordinis
1150 2244 1221 2275 apud
1238 2244 1370 2272 Tolosam,
1385 2247 1414 2267 ut
1429 2252 1459 2267 ex
1473 2244 1538 2267 actis
1555 2243 1670 2275 Capituli
1692 2243 1824 2274 generalis
1848 2251 1889 2266 an.
1907 2243 1967 2266 1335
1982 2243 2008 2266 in
2024 2243 2092 2266 Bibl.
2109 2246 2162 2266 nat.

296 2287 379 2310 Paris.
394 2295 443 2310 ms.
459 2287 505 2310 lat.
521 2287 605 2316 10894,
620 2287 665 2311 sol.
677 2288 730 2316 168,
746 2288 837 2319 liquet.
855 2288 930 2316 Quod
948 2288 969 2311 si
987 2296 1039 2311 non
1050 2289 1115 2312 bene
1130 2288 1301 2319 recipiantur,
1319 2288 1447 2320 magister
1460 2289 1491 2311 de
1507 2289 1625 2311 Bolbona
1639 2288 1665 2319 (i.
1676 2296 1697 2311 e.
1711 2288 1794 2311 abbas
1810 2287 1966 2311 Guillelmus
1982 2287 2060 2318 hujus
2074 2295 2164 2310 mona-

296 2331 382 2359 sterii;
399 2332 432 2354 cf.
446 2335 475 2354 110
488 2332 543 2360 992,
561 2333 625 2361 not.)
641 2332 750 2355 abbates
768 2333 799 2355 de
812 2332 983 2363 Vallemagna
996 2336 1021 2356 et
1038 2333 1069 2356 de
1083 2333 1253 2356 Grandisilva
1266 2341 1314 2364 per
1328 2341 1467 2356 censuram
1484 2333 1641 2363 compellere
1660 2332 1745 2355 debet.
1762 2346 1792 2349 —
1803 2333 1826 2355 9.
1838 2333 1884 2355 An.
1902 2332 1972 2360 1341,
1989 2332 2109 2355 Dccemb.
2124 2332 2162 2360 17,

295 2375 324 2398 fit
338 2375 478 2407 episcopus
493 2375 646 2399 Vasionens.
662 2375 733 2407 (Reg.
747 2376 846 2400 Comm.
861 2377 994 2400 Benedicti
1009 2377 1065 2406 XII,
1079 2385 1120 2400 an.
1138 2378 1160 2406 7,
1177 2385 1217 2408 ep.
1233 2377 1293 2405 4513
1309 2378 1342 2400 cf.
1358 2380 1495 2408 praeterea
1511 2376 1616 2401 Archiv
1631 2378 1651 2407 f.
1661 2376 1832 2401 Litteratur-
1842 2383 1872 2400 u.
1888 2376 2115 2406 Kirchenqesch„
2132 2375 2161 2404 V,

295 2420 358 2449 372),
375 2423 409 2448 et,
425 2419 483 2443 Elia
498 2423 635 2451 assumpto
650 2420 683 2443 ad
700 2420 902 2450 cardinalatum,
918 2429 958 2444 an.
977 2422 1046 2449 1342,
1062 2421 1153 2445 Octob.
1172 2422 1193 2449 7,
1208 2423 1369 2445 transfertur
1388 2421 1421 2444 ad
1435 2421 1646 2452 patriarchatum
1662 2420 1857 2452 Hierosolymit.
1874 2421 1946 2451 (Reg.
1962 2420 2103 2443 Clementis
2119 2420 2162 2444 VI.

295 2472 338 2487 an.
355 2464 376 2492 1,
390 2468 419 2486 11⁰
432 2464 486 2492 152,
503 2465 547 2487 fol.
568 2465 621 2494 159,
637 2473 697 2496 epp.
718 2466 756 2493 68,
774 2466 823 2495 69).
835 2479 866 2484 -
881 2466 918 2489 10.
935 2465 974 2489 Cr.
990 2466 1104 2490 Archiv.
1119 2468 1138 2496 f.
1155 2466 1324 2490 Litteratur-
1340 2472 1367 2489 u.
1384 2466 1614 2497 Kirchenqesch„
1628 2466 1655 2494 V,
1673 2466 1726 2493 263,
1739 2465 1792 2494 271,
1809 2468 1871 2488 nota
1887 2466 1909 2493 3,
1925 2468 1950 2488 et
1970 2465 2040 2488 infra
2053 2464 2087 2487 ni1³
2102 2465 2160 2488 1051

273 2533 279 2539 ι
294 2511 320 2531 et
335 2508 403 2531 1062.
427 2509 456 2531 In
476 2509 538 2540 Reg.
560 2509 618 2532 Vat.
643 2509 773 2532 Benedicti
793 2509 848 2539 XII,
871 2517 912 2533 an.
934 2510 956 2539 1,
977 2519 1003 2541 p.
1022 2510 1044 2538 1,
1065 2518 1105 2541 ep.
1128 2511 1181 2538 201,
1199 2510 1257 2533 «de
1279 2509 1417 2533 Manessiis
1434 2517 1445 2532 ))
1462 2513 1639 2541 nuncupatur,
1660 2513 1685 2533 et
1700 2509 1728 2532 fit
1749 2511 1802 2538 (an.
1819 2509 1889 2540 1335)
1911 2516 2002 2532 canon.
2020 2509 2161 2532 Morinens.

295 2553 340 2575 An.
358 2552 428 2581 1336,
444 2553 515 2584 Sept.
533 2553 570 2581 12,
589 2562 600 2575 «
616 2553 648 2576 de
660 2554 799 2577 Maneslies
815 2562 826 2577 ))
842 2554 872 2577 fit
886 2562 978 2577 canon.
994 2554 1079 2578 Paris.
1098 2554 1171 2585 (ibid.
1188 2563 1230 2578 an.
1249 2555 1271 2582 2,
1287 2563 1313 2585 p.
1330 2554 1352 2583 1,
1368 2562 1408 2585 ep.
1424 2555 1488 2583 470).
1512 2554 1551 2577 Ibi
1571 2554 1678 2584 dicitur,
1698 2553 1797 2577 eumin
1813 2553 1897 2576 Paris.
1911 2553 1998 2576 studio
2015 2562 2026 2576 «
2042 2561 2057 2576 a
2072 2553 2163 2577 multis

294 2599 363 2619 retro
378 2596 569 2628 temporibus»
585 2597 684 2621 rexisse
699 2598 877 2621 laudabiliter.
894 2599 940 2622 An.
958 2599 1027 2627 1342,
1047 2599 1108 2622 Jun.
1125 2599 1163 2627 17,
1181 2599 1210 2621 fit
1231 2598 1341 2629 insuper
1364 2606 1456 2622 canon.
1476 2598 1595 2621 Ambian.
1620 2597 1693 2629 (Reg.
1715 2597 1840 2621 Clement.
1863 2598 1905 2625 VI,
1926 2601 1955 2620 n0
1974 2598 2027 2627 152,
2046 2598 2091 2621 sol.
2107 2599 2161 2626 308,

294 2648 335 2671 ep.
350 2641 412 2668 101).
430 2654 458 2659 —
474 2641 513 2664 11.
530 2641 616 2672 Supra
631 2646 660 2664 n⁰
675 2643 729 2665 854.
745 2655 776 2660 —-
791 2642 828 2665 12.
844 2642 874 2666 V.
895 2650 976 2674 supra
995 2647 1024 2665 n⁰
1045 2643 1098 2666 926.
1120 2656 1150 2660 —
1170 2643 1209 2666 13.
1229 2643 1259 2666 V.
1282 2651 1363 2674 supra
1382 2647 1411 2665 n⁰
1431 2643 1485 2666 865.
1509 2655 1535 2660 --
1564 2643 1601 2665 14.
1626 2642 1712 2673 Supra
1734 2646 1763 2664 n0
1783 2642 1838 2666 914.
1860 2655 1887 2659 —
1905 2642 1942 2665 15.
1964 2642 2086 2665 Fortasse
2104 2650 2161 2665 cum

293 2685 408 2708 Arnaldo
427 2685 458 2708 de
480 2685 506 2708 S.
529 2685 654 2709 Michaele
676 2694 718 2710 an.
733 2687 792 2710 1333
809 2688 893 2710 factus
913 2690 952 2710 est
966 2687 1094 2718 magister
1109 2687 1152 2716 (cr.
1170 2688 1276 2711 Archiv
1292 2689 1312 2717 f.
1328 2687 1497 2711 Litteratur-
1516 2694 1545 2710 u.
1561 2687 1787 2716 Kirchenyesch„
1804 2687 1836 2714 ΙΙ,
1853 2687 1907 2714 220,
1924 2691 1952 2709 n⁰
1972 2687 2020 2716 90).
2038 2687 2084 2709 An.
2102 2687 2162 2709 1342

293 2729 388 2752 litteris
404 2729 552 2753 falsificatis
567 2730 664 2761 prioris
679 2731 798 2762 provinc.
816 2731 928 2755 scienter
942 2734 982 2755 est
994 2739 1067 2754 usus.
1085 2732 1196 2762 Propter
1209 2731 1280 2762 quod
1296 2731 1448 2762 Capitulum
1466 2731 1587 2762 generale
1601 2739 1660 2753 eum
1675 2731 1797 2753 omnibus
1813 2731 1906 2762 gratiis
1922 2730 2030 2754 Ordinis
2045 2731 2162 2762 privavit

293 2777 319 2797 et
333 2774 472 2797 conventui
487 2773 681 2798 Constantiensi
696 2775 722 2798 in
736 2775 846 2798 Francia
862 2775 1009 2807 assignavit
1025 2776 1081 2805 (Ms.
1098 2776 1171 2799 Rom.
1188 2775 1271 2807 Capp.
1288 2775 1425 2806 general.).
1440 2789 1472 2792 —
1487 2775 1523 2798 16.
1542 2775 1628 2806 Supra
1638 2779 1667 2798 n⁰
1682 2776 1726 2798 774
1738 2778 1763 2798 et
1775 2775 1844 2798 infra
1859 2778 1888 2798 n⁰
1902 2775 1956 2798 988.
1974 2788 2002 2793 —·
2021 2775 2058 2799 17.
2075 2775 2162 2806 Supra

294 2821 323 2840 n⁰
337 2818 391 2841 962.
406 2831 436 2835 -
451 2818 489 2841 18.
506 2819 542 2842 Ne
555 2819 700 2842 confundas
715 2827 785 2848 eum,
801 2823 829 2843 ut
846 2828 924 2851 saepe
939 2820 976 2847 fit,
993 2828 1051 2842 cum
1066 2820 1143 2843 Petro
1156 2819 1268 2847 Aureoli,
1287 2819 1350 2844 ord.
1366 2820 1438 2847 Min.,
1453 2820 1484 2843 de
1497 2828 1548 2851 quo
1563 2827 1645 2850 supra
1659 2823 1688 2842 n⁰
1701 2820 1754 2847 772,
1771 2819 1816 2850 qui
1829 2820 1986 2850 quandoque
2002 2819 2028 2842 in
2048 2828 2111 2843 mss.
2127 2821 2160 2850 (v.

295 2871 321 2894 g.
334 2862 360 2885 in
372 2862 440 2885 Bibl.
457 2863 557 2886 Monac.
574 2871 622 2886 ms.
638 2864 684 2887 lat.
699 2865 783 2893 24835,
800 2865 844 2887 fol.
857 2865 896 2895 60)
913 2875 925 2886 «
941 2865 972 2887 de
987 2864 1112 2888 Verberia
1131 2872 1143 2887 »
1160 2864 1370 2895 cognominatur.
1387 2864 1490 2887 Tertius
1506 2864 1633 2895 magister
1652 2864 1744 2887 Petrus
1760 2864 1791 2887 de
1808 2864 1934 2887 Verberia
1950 2864 2091 2894 (Verberie)
2108 2864 2162 2887 cle-

294 2906 364 2930 ricus
381 2906 536 2938 conjugatus
558 2915 609 2931 una
624 2916 682 2931 cum
703 2916 751 2931 sua
768 2916 847 2932 uxore
861 2909 1012 2932 nominatur
1027 2909 1059 2932 ad
1075 2916 1116 2932 an.
1135 2910 1195 2932 1334
1214 2909 1301 2940 (1335),
1321 2908 1408 2938 Febr„
1424 2908 1450 2931 in
1470 2908 1547 2932 Arch.
1566 2912 1619 2931 nat.
1636 2908 1720 2932 Paris.
1738 2908 1777 2932 JJ.
1792 2909 1833 2937 69,
1848 2912 1878 2931 n⁰
1892 2909 1931 2938 10,
1949 2912 1974 2932 et
1989 2908 2113 2932 Clement.
2129 2909 2162 2931 VI
