2534 3444
307 331 402 368 1301]
707 344 754 366 ΑΒ
788 343 893 365 ΑΝΝο
928 342 1164 365 MCCLxxxw
1199 343 1330 371 usone
1365 343 1413 365 An
1443 343 1583 366 ANNUM
1619 344 1762 367 necet.
2128 337 2171 369 93

305 416 441 450 bilibus
470 416 574 450 aliter
602 416 798 450 videretur.
829 416 865 449 Si
895 416 977 461 quis
1006 422 1124 449 autem
1153 416 1372 449 contrarium
1403 428 1468 461 per
1495 428 1534 449 se
1563 417 1621 450 vel
1642 429 1707 462 per
1733 417 1841 450 alium
1867 418 1993 451 sccerit
2014 419 2070 451 vel
2092 419 2171 452 fier-i

306 483 564 528 procuraverit,
586 483 797 528 magisterio
814 483 851 515 in
872 482 1055 528 theologia
1077 489 1253 527 perpetuo
1275 483 1322 515 sit
1342 483 1514 528 privatus.

398 593 459 616 Mss.
474 593 547 616 Rom.
564 596 589 616 et
603 593 742 617 Rutenens.
759 593 841 625 Capp.
857 594 972 625 general.
989 593 1052 616 Ord.
1068 593 1160 616 Praed.
1176 594 1341 621 -Martcne‚
1361 593 1440 617 Thes.
1454 600 1518 617 nov.
1534 595 1641 621 anecd„
1656 593 1697 621 lv,
1716 594 1784 616 1879.

305 785 415 823 621.
438 795 608 829 Bonifacius
634 796 701 821 VIII
721 794 850 821 doctores
871 795 900 820 in
923 793 1067 828 theologia
1083 797 1111 820 et
1125 794 1278 828 magistros
1295 793 1323 819 in
1337 794 1404 829 jure
1419 794 1554 819 canonico
1571 797 1598 819 et
1613 793 1688 819 civili
1703 793 1738 819 de
1760 802 1845 828 regno
1863 793 2004 819 Franciae
2020 794 2171 820 oriundos*

393 844 533 878 hortatur,
552 843 694 869 mandans
714 843 844 870 districte
865 844 894 869 in
914 843 1014 869 virtute
1030 842 1218 877 obedientiae,
1243 846 1274 868 ut
1292 842 1333 868 ad
1353 842 1494 868 kalendas
1510 842 1679 868 Novembres
1697 843 1828 878 proximo
1844 844 1962 876 staturas
1980 843 2175 879 personaliter

392 902 422 919 se
437 892 596 929 apostolico
612 893 776 928 conspectui
786 895 982 928 praesentent,
997 895 1027 917 at
1043 892 1105 927 ipse
1119 892 1147 917 in
1163 891 1330 917 excessibus
1346 895 1373 917 et
1386 891 1500 917 damnis
1515 891 1645 927 Philippi
1658 892 1733 926 regis
1748 891 1924 926 corrigendis
1941 900 2037 917 eorum
2053 891 2175 917 consilia

392 941 498 968 habere
511 941 613 978 possit.

1472 1003 1542 1032 1301,
1559 1002 1705 1028 Decembris
1720 1004 1745 1032 5,
1761 1002 1889 1028 Laterani.

393 1091 614 1133 Bonifacius⁷
642 1096 720 1132 eta,
751 1090 922 1124 venerab.
947 1090 1119 1123 fratribus
1140 1090 1323 1123 universis
1353 1089 1639 1135 archiepiscopis
1661 1096 1696 1122 et
1726 1090 1909 1135 episcopis
1934 1102 1974 1122 ac
2001 1089 2064 1122 dil.
2091 1089 2175 1123 filiis

304 1158 429 1192 electis
458 1164 493 1191 et
518 1157 686 1203 capitulis
712 1157 947 1190 ecclesiarum
976 1157 1235 1190 cathedralium
1262 1157 1366 1202 regni
1395 1157 1544 1189 Francie
1565 1169 1604 1189 ac
1633 1156 1846 1189 doctoribus
1874 1156 1911 1188 in
1936 1156 2120 1201 theologia
2142 1163 2177 1189 et

304 1225 487 1270 magistris
510 1225 546 1256 in
562 1225 646 1269 jure
667 1224 841 1257 canonico
866 1230 901 1256 et
920 1223 1018 1257 civili
1039 1224 1083 1256 de
1107 1235 1221 1268 regno
1242 1224 1335 1256 natis
1357 1223 1485 1256 eodem
1508 1223 1672 1264 salutem,
1696 1228 1759 1256 etc.
1788 1223 1882 1255 Ante
1907 1223 2174 1267 promotionem

375 1293 453 1324 Dat.
476 1291 642 1324 Laterani
663 1302 749 1323 non.
768 1290 994 1332 Decembris,
1018 1302 1112 1322 anno
1130 1290 1297 1335 septimo.

396 1402 459 1433 Reg.
478 1402 535 1425 Vnt.
556 1401 684 1424 Bonifacii
698 1401 766 1431 VIII,
783 1409 824 1423 an.
849 1402 871 1429 7,
888 1409 928 1432 ep.
949 1401 1002 1430 103,
1020 1401 1063 1423 fol.
1082 1401 1134 1424 136.
1153 1401 1220 1423 Bibl.
1236 1404 1289 1424 nat.
1306 1401 1389 1424 Paris.
1412 1409 1475 1423 mss.
1498 1401 1543 1423 lat.
1562 1401 1646 1428 17534,
1671 1401 1714 1423 fol.
1733 1400 1774 1428 16;
1790 1401 1874 1428 15004,
1893 1401 1936 1423 sol.
1954 1401 2009 1423 661’.
2026 1400 2102 1423 Arch.
2121 1404 2174 1424 nat.

302 1446 386 1470 Paris.
408 1447 470 1477 ch.
490 1446 530 1469 JJ.
554 1446 583 1469 28
603 1445 677 1476 (olim
698 1446 760 1476 Reg.
778 1445 817 1475 B),
842 1445 887 1468 sol.
910 1444 972 1467 229⁶
994 1444 1076 1476 (prius
1099 1445 1179 1474 240b).
1197 1445 1310 1476 (Dupuy)
1325 1445 1398 1469 Hist.
1416 1446 1456 1469 du
1475 1444 1624 1475 differenti,
1649 1448 1696 1467 etc.
1722 1444 1806 1474 (Paris
1827 1445 1907 1474 1655),
1930 1453 1956 1476 p.
1982 1446 2025 1472 53;
2052 1445 2175 1473 Bulaeus,

302 1491 344 1519 lv,
361 1491 398 1513 11.
414 1490 554 1521 Philippus
568 1498 613 1513 rex
627 1490 788 1512 Francorum
801 1497 862 1512 vero
876 1489 994 1512 districte
1008 1489 1155 1520 prohibuit,
1172 1497 1203 1512 ne
1219 1489 1278 1520 quis
1294 1490 1325 1512 de
1341 1489 1433 1512 incolis
1450 1489 1525 1520 regni
1541 1489 1581 1512 sui
1597 1489 1653 1512 sine
1669 1497 1716 1511 suu
1730 1488 1836 1511 licentia
1850 1489 1882 1511 ab
1898 1489 1989 1512 eodem
2008 1497 2088 1520 regno
2107 1489 2176 1512 exire

301 1537 490 1566 praesumeret,
504 1542 534 1557 ac
549 1534 577 1556 21
594 1533 715 1557 Octobris
731 1533 793 1556 anni
808 1533 878 1563 1302,
894 1533 1003 1556 moleste
1023 1533 1106 1564 gessit
1125 1533 1266 1556 nonnullos
1281 1534 1424 1564 praelatos,
1441 1533 1584 1564 magistros
1600 1533 1626 1555 in
1642 1532 1775 1563 theologia
1791 1533 1963 1563 doctoresque
1978 1533 2076 1563 injure
2096 1541 2175 1556 cano-

301 1579 359 1602 nico
377 1582 402 1602 et
416 1578 487 1602 civili
503 1578 536 1601 ab
553 1578 643 1601 eodem
657 1586 738 1609 regno
756 1585 878 1608 egressos
898 1585 955 1601 esse
976 1577 1048 1608 (Reg.
1065 1577 1182 1609 Philippi
1198 1578 1231 1600 lv
1251 1577 1277 1600 in
1293 1577 1369 1600 Arch.
1385 1580 1437 1600 nat.
1457 1577 1552 1606 Paris,
1568 1578 1608 1600 JJ.
1626 1578 1664 1606 36,
1686 1585 1726 1608 cp.
1744 1578 1786 1605 29;
1803 1576 1876 1601 Hist.
1893 1578 1932 1600 du
1954 1577 2100 1607 differenti,
2116 1580 2176 1605 etc„

301 1631 327 1655 p.
344 1624 386 1651 83;
398 1624 431 1646 cf.
447 1631 473 1654 p.
491 1624 520 1645 86
534 1630 585 1654 sq.,
598 1631 624 1653 p.
642 1622 685 1645 131
702 1623 762 1653 sq.);
774 1622 926 1645 Bonifaeius
942 1622 1000 1645 VIII
1017 1622 1046 1645 13
1061 1622 1159 1653 Aprilis
1176 1623 1236 1645 1303
1251 1622 1429 1653 conqueritur,
1445 1622 1540 1645 multos
1559 1622 1592 1644 ad
1607 1630 1667 1644 cuin
1682 1630 1733 1644 non
1751 1621 1854 1644 venisse
1870 1621 2044 1652 omnibusque
2064 1621 2109 1652 qui
2124 1629 2176 1644 non

301 1670 428 1691 venerunt
442 1666 563 1698 injungit,
579 1666 649 1690 infra
669 1666 749 1689 trium
765 1666 894 1689 mensium
911 1666 1026 1697 spatium
1041 1674 1089 1697 per
1104 1674 1131 1689 se
1147 1667 1188 1689 vel
1203 1675 1251 1697 pcr
1265 1669 1450 1697 procuratores
1466 1674 1555 1689 coram
1575 1666 1633 1697 ipso
1654 1674 1815 1696 comparere.
1833 1665 1968 1696 Originalc
1984 1666 2009 1688 in
2025 1666 2102 1688 Arch.
2120 1669 2174 1688 nat.

300 1711 384 1735 Paris.
400 1711 423 1735 J.
440 1712 495 1740 490,
510 1715 540 1734 n⁰
562 1712 606 1734 754
622 1712 704 1741 (deest
723 1711 860 1742 sigillum).
880 1711 956 1734 Arch.
973 1711 1030 1734 vat.
1046 1711 1076 1741 Χ,
1093 1711 1146 1739 193,
1161 1719 1187 1742 p.
1205 1711 1259 1734 314.
1273 1712 1347 1736 Hist.
1361 1712 1401 1735 du
1416 1711 1559 1741 diffc'rend,
1580 1719 1606 1741 p.
1624 1711 1661 1733 88.
1682 1711 1711 1733 In
1726 1710 1802 1733 Arch.
1822 1713 1874 1733 nat.
1894 1710 1977 1733 Paris.
1994 1710 2034 1733 JJ.
2057 1711 2086 1733 35
2102 1711 2174 1741 (Reg.

300 1755 417 1787 Philippi
430 1756 482 1786 IV)¹
495 1756 539 1779 fol.
552 1755 599 1778 20¹³
613 1759 638 1779 et
650 1756 690 1779 JJ.
708 1757 746 1785 36,
763 1756 807 1778 fol.
826 1756 864 1785 23,
880 1755 980 1786 scriptu
995 1758 1057 1778 sunt
1075 1764 1087 1778 «
1111 1755 1215 1778 nomina
1227 1756 1407 1787 praelatorum
1423 1756 1453 1778 dc
1471 1763 1552 1786 regno
1569 1755 1686 1783 Francie,
1699 1755 1743 1786 qui
1758 1758 1819 1777 sunt.
1835 1754 1860 1777 iu
1875 1755 1940 1777 festo
1957 1754 2080 1778 Omnium
2096 1755 2176 1777 Sanc·-

299 1803 387 1824 torum
400 1800 470 1831 apud
485 1801 594 1824 Romam
610 1808 677 1823 anno
690 1800 764 1823 Dom.
780 1799 867 1823 MCCC
884 1800 998 1823 secundo
1012 1808 1033 1823 ».
1051 1800 1079 1823 In
1095 1808 1199 1823 summa
1214 1801 1243 1823 39
1256 1799 1372 1831 episcopi
1389 1802 1414 1823 et
1428 1800 1442 1822 6
1458 1799 1576 1822 abbates.
1592 1799 1664 1824 Hist.
1681 1800 1721 1823 du
1736 1799 1883 1829 differenti,
1899 1808 1925 1830 p.
1942 1800 1980 1822 86.

395 1897 416 1921 1.
432 1896 497 1920 Vide
517 1897 619 1920 litteras
635 1900 782 1928 sequentes,
799 1897 825 1920 in
841 1897 936 1928 quibus
953 1897 1108 1920 nominatim
1133 1905 1145 1919 «
1167 1897 1286 1920 doctores
1312 1897 1338 1919 in
1363 1905 1438 1919 saera
1458 1896 1557 1928 pagina
1572 1899 1597 1919 ct
1617 1896 1739 1928 magistri
1763 1897 1788 1919 in
1811 1896 1870 1928 jure
1894 1897 2018 1920 canonico
2039 1897 2070 1920 de
2094 1905 2174 1928 regno

301 1941 409 1965 Francie
424 1941 528 1965 oriundi
542 1945 609 1966 actu
623 1945 749 1972 reyentes
763 1942 894 1966 Parisius
904 1946 929 1966 et
942 1948 1000 1966 non
1016 1946 1142 1972 reqentes
1158 1950 1169 1964 ›>
1182 1942 1340 1965 referuntur.

302 2138 413 2175 622.
434 2147 604 2181 Bonifacius
623 2147 911 2174 Vllleacsecutoribus
924 2148 1052 2183 mandat,
1065 2147 1234 2180 provideant
1246 2151 1277 2173 ut
1288 2147 1414 2173 Parisiis
1429 2146 1608 2181 sufficientes
1625 2147 1757 2181 magistri
1773 2147 1801 2172 in
1814 2146 1957 2181 theologia
1971 2151 1998 2173 et
2011 2147 2039 2173 in
2051 2147 2173 2174 decretis

389 2199 565 2222 remaneant.

1466 2259 1536 2288 1301,
1553 2257 1700 2284 Decembris
1714 2258 1739 2287 5,
1756 2258 1885 2283 Laterani.

392 2372 413 2378 ..
434 2345 566 2379 Abbati
590 2347 799 2379 monasterii
822 2347 949 2379 Sancte
972 2346 1178 2379 Genovefe¹
1202 2346 1351 2379 Ordinis
1376 2347 1410 2378 S.
1433 2345 1628 2390 Augustini
1648 2351 1683 2377 et
1706 2371 1725 2376 ..
1750 2344 1908 2377 decano²
1928 2356 1967 2377 ac
1991 2371 2011 2376 ..
2030 2345 2172 2377 cancel-

300 2410 410 2444 lario³
430 2412 584 2445 ecclesie
615 2413 844 2445 Parisiensis.
877 2413 977 2445 Licet
1006 2413 1199 2446 universos
1227 2413 1395 2445 doctores
1421 2412 1458 2444 in
1484 2423 1583 2444 sacra
1609 2411 1739 2456 pagina
1760 2417 1795 2443 et
1815 2411 2009 2455 magistros
2034 2411 2071 2443 in
2087 2412 2171 2456 jure

302 2478 476 2510 canonico
498 2478 542 2511 de
569 2490 683 2523 regno
712 2479 860 2511 Francie
882 2479 1059 2512 oriundos
1080 2485 1160 2511 actu
1187 2485 1358 2523 regentes
1383 2478 1543 2510 Parisius
1569 2484 1604 2510 et
1626 2489 1699 2509 non
1725 2483 1896 2521 regentes
1917 2477 2085 2510 duximus
2107 2490 2171 2522 per

301 2543 388 2576 alias
410 2550 552 2577 nostras
573 2544 712 2578 litteras
735 2545 940 2578 evocandos
960 2552 1000 2578 ut
1019 2552 1118 2578 certo
1142 2552 1304 2589 tempore
1327 2544 1570 2590 personaliter
1590 2550 1821 2588 compareant
1841 2555 1960 2576 coram
1982 2544 2101 2585 nobis,
2125 2556 2169 2577 ne

301 2616 419 2642 tamen
440 2610 644 2643 Parisiense
661 2611 821 2644 studium
842 2611 986 2644 interim
1008 2612 1162 2656 patiatur
1183 2610 1342 2644 notabile
1364 2610 1619 2643 detrimentum
1637 2610 1674 2642 in
1691 2609 1903 2642 doctoribus
1921 2616 1956 2642 et
1971 2610 2168 2655 magistris,

301 2676 514 2709 discretioni
535 2684 657 2710 vestre
684 2677 943 2710 committimus
967 2678 1136 2722 quatinus
1162 2689 1227 2710 vos
1250 2677 1321 2710 duo
1348 2676 1405 2710 vel
1427 2688 1522 2709 unus
1542 2683 1716 2717 vestrum,
1739 2676 1930 2721 presertim
1952 2683 2001 2718 tu⁷
2029 2677 2169 2709 cancel-

300 2742 400 2784 larie,
423 2743 616 2788 providere
640 2743 790 2789 possitis
814 2743 857 2776 de
879 2750 931 2776 tot
950 2750 986 2776 et
1005 2743 1138 2776 talibus
1160 2743 1371 2776 doctoribus
1394 2749 1430 2776 et
1449 2743 1632 2788 magistris
1655 2749 1694 2775 ut
1717 2743 1877 2775 Parisius
1898 2749 2106 2775 remaneant
2125 2743 2169 2775 ad

301 2815 380 2842 actu
411 2810 611 2855 regendum
642 2809 777 2842 ibidem
807 2809 851 2842 de
877 2816 966 2855 quot
995 2816 1030 2843 et
1058 2810 1102 2842 de
1132 2809 1266 2854 quibus
1291 2809 1458 2843 videritis
1488 2809 1766 2854 providendum,
1794 2809 1841 2841 ita
1867 2809 1964 2853 quod
1991 2816 2059 2842 tam
2081 2809 2168 2842 utile

301 2875 460 2909 studium
484 2883 520 2909 et
543 2877 719 2909 famosum
742 2876 911 2909 doctores
939 2876 1164 2909 sufficientes
1192 2875 1321 2909 habeat
1347 2876 1384 2908 in
1412 2875 1595 2920 theologia
1617 2882 1652 2908 et
1676 2876 1850 2908 canonico
1871 2877 1954 2920 jure
1981 2875 2166 2920 predictis.
