2534 3444
377 308 419 340 54·
877 314 879 316 '
951 317 1267 339 CHARTULARHJM
1302 315 1492 337 umvnns.
1530 315 1657 337 PAnts.
1829 323 1831 326 .
2144 300 2243 337 [1292

376 392 443 424 suit
462 391 506 424 ad
526 398 685 424 nostram
706 391 922 423 audientiam
945 390 1161 435 appellatum
1186 402 1226 425 ac
1253 389 1465 434 suppliciter
1487 388 1704 433 postulatum
1727 399 1745 420 a
1766 386 1873 419 nobis
1894 393 1932 419 ut
1956 398 2113 427 causam,
2136 399 2242 431 quain

376 458 501 491 eadem
532 457 757 490 Universitas
788 463 823 490 et
851 468 1007 501 persone
1038 468 1148 501 super
1178 455 1367 501 premissis
1398 455 1589 487 intendunt
1621 453 1794 499 prosequi
1829 459 1953 486 contra
1987 453 2242 486 cancellarium

377 531 625 564 memoratum,
644 524 680 556 in
700 523 798 556 curia
819 530 942 556 nostra
963 523 1104 556 tractari
1126 529 1161 555 et
1183 522 1366 561 terminari
1391 521 1462 553 fine
1484 520 1606 553 debito
1628 519 1862 552 faceremus‘.
1881 521 1955 552 Nos
1976 520 2087 565 igitur
2108 519 2242 553 uberes

376 591 514 623 fructus
536 591 597 635 qui
618 602 660 623 ex
682 590 801 623 studio
824 589 1019 622 Parisiensi
1040 601 1105 633 per
1124 589 1354 621 scientiarum
1379 587 1577 620 doctrinam
1599 586 1819 631 proveniunt
1838 586 1994 620 sollicite
2014 586 2243 620 attendentes

377 657 563 702 multoque
584 657 767 689 desiderio
789 656 1009 696 affectantes,
1037 662 1075 687 ut
1099 654 1342 699 quarumlibet
1366 653 1631 686 dissentionum
1658 652 1859 693 fomitibus,
1883 664 1946 697 per
1971 665 2060 697 quas
2081 653 2241 686 studium

377 724 495 769 ipsum
517 723 653 756 turbari
673 722 730 755 vel
751 729 938 767 tepescere
960 728 1098 766 posset,
1120 721 1204 753 inde
1230 720 1409 753 submotis
1431 731 1495 764 per
1516 719 1613 764 pacis
1635 718 1917 764 pulcritudinem
1940 719 2100 752 studium
2122 719 2241 764 ipsum

377 801 420 822 eo
442 789 681 833 sollempnius
697 788 836 833 jugiter
860 787 992 832 vigeat,
1015 793 1049 819 et
1076 786 1192 819 eidem
1219 786 1339 818 studio
1368 785 1582 818 insistentes
1609 797 1652 817 ex
1679 784 1742 817 illo
1769 785 1909 830 potiora
1936 785 2087 818 comoda
2112 797 2262 833 conse--

377 862 546 900 quantur,
575 867 645 899 quo
673 854 741 899 ipsi
771 866 812 886 ex
839 853 1039 886 animorum
1067 852 1187 897 quiete
1213 864 1251 884 se
1278 858 1446 896 poterunt
1474 851 1511 884 in
1539 863 1582 884 eo
1609 851 1810 884 ferventius
1838 858 1874 884 et
1898 851 2024 884 utilius
2052 863 2240 893 exercere;

377 927 548 967 gerentes
579 932 722 965 quoque
753 920 796 952 de
827 919 1152 963 circumspectione
1183 925 1301 951 vestra
1332 917 1499 950 fiduciam
1530 917 1566 950 in
1601 918 1756 950 Domino
1791 917 1994 963 pleniorem
2029 918 2241 951 discretioni

375 994 494 1021 vestre
529 999 592 1031 per
626 986 821 1031 apostolica
856 985 988 1029 scripta
1022 985 1232 1017 mandamus
1267 984 1436 1029 quatinus
1471 984 1565 1029 apud
1599 984 1760 1018 Parisius
1799 985 1962 1030 partibus
2001 985 2046 1018 ad
2084 991 2241 1019 vestram

378 1053 593 1098 presentiam
621 1052 790 1093 evocatis,
821 1051 863 1084 ad
891 1051 1085 1084 sedandam
1114 1050 1322 1095 hujusmodi
1351 1051 1579 1095 questionem
1606 1050 1843 1084 amicabiliter
1871 1051 1965 1084 inter
1990 1058 2111 1096 partes
2143 1052 2242 1097 ipsas

377 1119 614 1164 interponatis
648 1118 857 1151 auctoritate
892 1124 1014 1150 nostra
1043 1118 1145 1161 juxta
1179 1117 1293 1149 datam
1328 1116 1434 1150 vobis
1468 1129 1486 1149 a
1521 1118 1596 1150 Deo
1632 1117 1860 1162 prudentiam
1896 1118 2088 1151 efficaciter
2122 1125 2242 1163 partes

376 1192 526 1219 vestras.
550 1184 655 1227 Quod
682 1184 712 1217 si
740 1184 861 1216 forsan
890 1183 925 1215 id
954 1183 1161 1228 nequiverit
1188 1183 1394 1228 provenire.
1417 1195 1482 1216 vos
1510 1195 1620 1228 super
1648 1183 1822 1228 predictis
1843 1183 2005 1217 articulis
2026 1184 2063 1216 in
2084 1184 2242 1229 appella-

376 1251 536 1284 tionibus
558 1251 797 1295 predictarum
820 1250 1073 1283 Universitatis
1095 1256 1130 1282 et
1150 1261 1386 1294 personarum
1409 1250 1584 1283 dictarum
1600 1250 1807 1283 facultatum
1824 1250 1869 1283 ad
1885 1262 1952 1283 nos
1969 1257 2007 1283 ut
2023 1251 2241 1295 premissum

376 1324 431 1350 est
459 1317 659 1362 interjectis
686 1316 878 1357 contentis,
903 1328 969 1349 nec
998 1328 1070 1349 non
1098 1323 1133 1349 et
1159 1316 1328 1349 omnibus
1356 1316 1436 1349 aliis
1462 1329 1532 1361 que
1552 1316 1657 1350 vobis
1679 1317 1972 1350 reformationem
1993 1329 2032 1350 ac
2054 1317 2242 1362 pacificum

376 1372 412 1416 et
431 1395 646 1428 prosperum
674 1389 803 1415 statum
830 1382 956 1427 prefati
982 1382 1093 1415 studii
1119 1382 1302 1427 respicere
1327 1382 1561 1423 videbuntur,
1585 1383 1628 1415 de
1655 1382 1762 1427 plano
1788 1383 1866 1416 sine
1893 1383 2046 1428 strepitu
2073 1390 2108 1416 et
2128 1383 2242 1429 figura

371 1449 500 1494 judicii
521 1449 612 1481 infra
633 1460 763 1481 annum
786 1455 868 1493 post
888 1448 1132 1493 receptionem
1155 1448 1378 1493 presentium
1405 1449 1596 1493 inquiratis
1625 1449 1780 1481 sollicite
1806 1449 2007 1490 veritatem,
2035 1456 2069 1482 et
2099 1461 2242 1483 causam

377 1515 587 1560 hujusmodi
604 1515 744 1559 judicio
769 1514 826 1547 vel
847 1514 1053 1555 concordia,
1077 1514 1107 1547 si
1128 1514 1172 1547 de
1194 1515 1347 1559 partium
1368 1515 1551 1547 voluntate
1573 1516 1807 1560 processerit,
1830 1516 2045 1557 terminetis,
2068 1517 2242 1550 facientes

378 1582 475 1626 quod
497 1580 732 1614 decreveritis
753 1593 817 1625 per
837 1592 1025 1613 censuram
1048 1580 1328 1613 ecclesiasticam
1350 1580 1502 1614 firmiter
1526 1581 1726 1614 observari.
1749 1583 1877 1615 Testes
1902 1589 2033 1623 autem,
2055 1588 2120 1616 etc.
2142 1582 2244 1615 Alio-

378 1648 465 1692 quin
494 1659 562 1692 que
591 1659 700 1692 super
727 1647 900 1691 predictis
928 1647 1097 1680 omnibus
1124 1647 1337 1680 inveneritis
1365 1647 1471 1680 nobis
1502 1647 1570 1680 sub
1595 1648 1727 1681 vestris
1753 1648 1892 1681 inclusa
1923 1648 2056 1694 sigillis
2087 1648 2244 1682 fideliter

379 1714 565 1747 intimetis.
593 1713 732 1747 Prefixo
754 1713 891 1746 eisdem
914 1713 1075 1758 partibus
1097 1713 1250 1746 termino
1277 1714 1521 1758 peremptorio
1547 1715 1779 1759 competenti,
1802 1727 1873 1759 quo
1900 1727 1964 1760 per
1989 1722 2244 1760 procuratores

379 1780 556 1825 ydoneos,
578 1792 657 1812 cuin
680 1779 849 1812 omnibus
870 1780 971 1821 actis,
989 1779 1148 1824 juribus,
1171 1787 1206 1813 et
1227 1780 1460 1813 munimentis
1482 1780 1558 1813 suis
1579 1780 1787 1825 hujusmodi
1814 1782 2000 1826 negotium
2027 1782 2243 1828 contingen-

381 1846 476 1879 tibus
497 1846 696 1891 apostolico
722 1858 761 1879 se
786 1845 997 1890 conspectui
1023 1853 1288 1891 representent,
1310 1847 1408 1891 quod
1433 1859 1544 1892 super
1569 1847 1758 1892 premissis
1783 1848 1952 1881 ordinare
1978 1860 2043 1881 seu
2069 1855 2242 1891 statuere,

379 1913 436 1946 vel
457 1913 626 1945 mandare
647 1912 870 1945 voluerimus
896 1919 1097 1957 recepture,
1121 1924 1159 1945 ac
1185 1912 1443 1946 nichilominus
1464 1914 1600 1946 facture
1626 1920 1661 1946 et
1686 1921 1874 1959 recepture
1896 1915 1994 1959 quod
2021 1915 2110 1948 ordo
2133 1915 2243 1948 dicta-

379 1978 469 2011 verit
491 1978 653 2011 rationis.
676 1978 778 2010 Diem
799 1990 885 2011 vero
907 1978 1118 2023 prefixionis
1138 1978 1348 2022 hujusmodi
1365 1986 1400 2011 et
1415 1979 1587 2024 quicquid
1609 1979 1693 2012 inde
1714 1980 1874 2013 feceritis
1891 1979 1997 2013 nobis
2019 1992 2083 2026 per
2103 1988 2242 2014 vestras

380 2044 516 2076 litteras
537 2043 662 2076 harum
688 2044 820 2076 seriem
845 2044 1073 2076 continentes
1099 2043 1255 2077 fideliter
1280 2044 1466 2077 intimetis.
1493 2045 1599 2088 Quod
1625 2045 1656 2077 si
1681 2057 1754 2078 non
1775 2057 1902 2079 omnes
1926 2045 1998 2079 hiis
2019 2047 2243 2092 exequendis

381 2110 570 2154 potueritis
597 2110 788 2151 interesse,
819 2116 893 2143 tres
920 2116 1079 2143 vestrum
1105 2122 1145 2143 ea
1170 2110 1427 2144 nichilominus
1453 2118 1688 2156 exequantur.
1716 2113 1793 2145 Dat.
1821 2113 1932 2145 Rome
1963 2113 2057 2158 apud
2079 2114 2241 2146 Sanctam

382 2176 528 2209 Mariam
550 2176 722 2221 Majorem
743 2175 792 2209 id.
815 2176 946 2218 Martii,
969 2189 1062 2210 anno
1084 2177 1222 2221 quinto.

474 2274 536 2304 Reg.
552 2274 608 2297 Vnt.
625 2274 724 2297 Nicolai
738 2274 779 2303 lv,
795 2282 836 2297 an.
854 2276 876 2303 5,
892 2282 935 2306 ep.
946 2274 983 2302 18,
1001 2274 1045 2297 fol.
1062 2274 1132 2297 190b.

475 2359 495 2382 1.
513 2359 588 2382 Petro
604 2358 713 2382 Cailleu.
728 2372 758 2376 —
773 2359 795 2381 2.
812 2358 887 2382 Petro
900 2357 931 2381 de
944 2358 1060 2389 Mornay.
1078 2371 1105 2376 -
1121 2359 1143 2380 3.
1160 2358 1283 2381 Nicolao?
1297 2371 1328 2375 -—
1342 2359 1365 2382 4.
1380 2358 1410 2381 V.
1426 2366 1508 2389 supra
1522 2363 1552 2381 n0
1564 2359 1618 2382 569,

384 2546 494 2582 578.
518 2554 654 2580 Nicolaus
674 2555 718 2580 IV
736 2554 917 2580 Universitati
938 2555 1098 2581 Parist'ensi
1124 2554 1252 2581 concedit
1268 2555 1448 2591 privilegium
1470 2554 1591 2581 docendi
1613 2555 1786 2591 regendique
1809 2556 1912 2591 ubique
1937 2560 2077 2582 terrarum
2099 2556 2162 2582 sine
2186 2556 2244 2582 ullo

470 2603 588 2638 praevio
603 2602 743 2628 examine.

1344 2640 1418 2669 1292,
1434 2640 1519 2665 Marti:
1532 2641 1577 2670 23,
1592 2641 1660 2672 apud
1672 2641 1694 2666 8.
1710 2641 1815 2667 Mariam
1830 2641 1958 2673 majorem.

473 2711 642 2744 Nicolaus
672 2712 866 2757 episcopus
898 2725 1025 2746 servus
1060 2725 1248 2747 servorum
1279 2713 1345 2746 Dei
1375 2714 1518 2747 dilectis
1554 2714 1639 2747 filiis
1667 2714 1894 2748 universitati
1924 2715 2180 2760 magistrorum
2211 2721 2247 2748 et

385 2777 576 2811 scolarium
607 2778 878 2820 Parisiensium,
909 2779 1059 2812 salutem
1088 2786 1123 2813 et
1151 2779 1384 2825 apostolicam
1413 2779 1718 2814 benedictionem.
1751 2782 1843 2814 Dum
1873 2788 2006 2815 attente
2037 2781 2246 2814 considera-

385 2844 494 2877 tionis
510 2844 681 2889 indagine
698 2851 966 2889 perscrutamur
983 2846 1079 2890 quod
1097 2858 1161 2891 per
1180 2846 1379 2879 litterarum
1402 2846 1520 2879 studia
1541 2854 1758 2892 cooperante
1780 2847 1842 2881 illo
1864 2860 1882 2881 a
1903 2859 1974 2893 quo
1996 2859 2102 2881 omne
2124 2847 2244 2880 datum
