<?xml version="1.0" encoding="UTF-8"?>
<!DOCTYPE html PUBLIC "-//W3C//DTD XHTML 1.0 Transitional//EN"
    "http://www.w3.org/TR/xhtml1/DTD/xhtml1-transitional.dtd">
<html xmlns="http://www.w3.org/1999/xhtml" xml:lang="en" lang="en">
 <head>
  <title>
</title>
<meta http-equiv="Content-Type" content="text/html;charset=utf-8" />
  <meta name='ocr-system' content='tesseract 3.04.00' />
  <meta name='ocr-capabilities' content='ocr_page ocr_carea ocr_par ocr_line ocrx_word'/>
</head>
<body>
  <div class='ocr_page' id='page_1' title='image "./chartulariumuniv02univuoft/chartulariumuniv02univuoft_0178.png"; bbox 0 0 2534 3444; ppageno 0'>
   <div class='ocr_carea' id='block_1_1' title="bbox 366 331 2231 373">
    <p class='ocr_par' dir='ltr' id='par_1_1' title="bbox 366 331 2231 373">
     <span class='ocr_line' id='line_1_1' title="bbox 366 331 2231 373; baseline -0.003 -1"><span class='ocrx_word' id='word_1_1' title='bbox 366 340 429 373; x_wconf 87' lang='lat'><strong>148</strong></span> <span class='ocrx_word' id='word_1_2' title='bbox 943 347 1262 371; x_wconf 70' lang='lat' dir='ltr'>CHARTULARIUM</span> <span class='ocrx_word' id='word_1_3' title='bbox 1296 346 1486 369; x_wconf 69' lang='lat' dir='ltr'><strong>umvnns.</strong></span> <span class='ocrx_word' id='word_1_4' title='bbox 1523 346 1652 368; x_wconf 72' lang='lat' dir='ltr'><strong>PARIS.</strong></span> <span class='ocrx_word' id='word_1_5' title='bbox 2134 331 2231 368; x_wconf 84' lang='grc'>[1311</span> 
     </span>
    </p>
   </div>
   <div class='ocr_carea' id='block_1_2' title="bbox 365 456 2233 550">
    <p class='ocr_par' dir='ltr' id='par_1_2' title="bbox 365 456 2233 550">
     <span class='ocr_line' id='line_1_2' title="bbox 365 456 2233 495; baseline -0.004 -2"><span class='ocrx_word' id='word_1_6' title='bbox 365 456 477 494; x_wconf 82' lang='grc'>689.</span> <span class='ocrx_word' id='word_1_7' title='bbox 499 465 646 492; x_wconf 76' lang='lat' dir='ltr'><em>Sententia</em></span> <span class='ocrx_word' id='word_1_8' title='bbox 662 466 760 491; x_wconf 82' lang='lat' dir='ltr'><strong>curiae</strong></span> <span class='ocrx_word' id='word_1_9' title='bbox 774 464 955 491; x_wconf 80' lang='lat' dir='ltr'><strong>Parlamenti</strong></span> <span class='ocrx_word' id='word_1_10' title='bbox 970 465 998 490; x_wconf 85' lang='lat' dir='ltr'><strong>in</strong></span> <span class='ocrx_word' id='word_1_11' title='bbox 1014 473 1105 490; x_wconf 83' lang='lat' dir='ltr'><strong>causa</strong></span> <span class='ocrx_word' id='word_1_12' title='bbox 1123 463 1239 489; x_wconf 84' lang='lat' dir='ltr'><strong>Girardi</strong></span> <span class='ocrx_word' id='word_1_13' title='bbox 1253 462 1288 489; x_wconf 79' lang='lat' dir='ltr'><strong>de</strong></span> <span class='ocrx_word' id='word_1_14' title='bbox 1305 462 1464 488; x_wconf 72' lang='lat' dir='ltr'><strong>Silvanecto</strong></span> <span class='ocrx_word' id='word_1_15' title='bbox 1480 461 1585 495; x_wconf 80' lang='lat' dir='ltr'><strong>clerici,</strong></span> <span class='ocrx_word' id='word_1_16' title='bbox 1609 464 1636 487; x_wconf 81' lang='lat' dir='ltr'><strong>et</strong></span> <span class='ocrx_word' id='word_1_17' title='bbox 1651 461 1769 486; x_wconf 79' lang='lat' dir='ltr'><strong>rectoris</strong></span> <span class='ocrx_word' id='word_1_18' title='bbox 1794 461 1992 487; x_wconf 78' lang='lat' dir='ltr'><strong>Universitatis</strong></span> <span class='ocrx_word' id='word_1_19' title='bbox 2013 460 2190 492; x_wconf 69' lang='lat' dir='ltr'><strong>Parisiensis</strong></span> <span class='ocrx_word' id='word_1_20' title='bbox 2206 463 2233 487; x_wconf 73' lang='lat' dir='ltr'><strong>et</strong></span> 
     </span>
     <span class='ocr_line' id='line_1_3' title="bbox 453 509 2079 550; baseline -0.004 -9"><span class='ocrx_word' id='word_1_21' title='bbox 453 514 615 550; x_wconf 81' lang='lat' dir='ltr'><strong>aliquorum</strong></span> <span class='ocrx_word' id='word_1_22' title='bbox 631 514 832 549; x_wconf 77' lang='lat' dir='ltr'><strong>magistrorum</strong></span> <span class='ocrx_word' id='word_1_23' title='bbox 847 518 947 540; x_wconf 84' lang='lat' dir='ltr'><strong>contra</strong></span> <span class='ocrx_word' id='word_1_24' title='bbox 960 513 1095 548; x_wconf 76' lang='lat' dir='ltr'><strong>Egidium</strong></span> <span class='ocrx_word' id='word_1_25' title='bbox 1111 512 1146 538; x_wconf 88' lang='lat' dir='ltr'><strong>de</strong></span> <span class='ocrx_word' id='word_1_26' title='bbox 1164 513 1295 548; x_wconf 81' lang='lat' dir='ltr'><strong>Carpent,</strong></span> <span class='ocrx_word' id='word_1_27' title='bbox 1314 510 1364 546; x_wconf 86' lang='lat' dir='ltr'><strong>qui</strong></span> <span class='ocrx_word' id='word_1_28' title='bbox 1378 510 1486 536; x_wconf 81' lang='lat' dir='ltr'><strong>dictum</strong></span> <span class='ocrx_word' id='word_1_29' title='bbox 1504 509 1655 535; x_wconf 82' lang='lat' dir='ltr'><strong>Girardum</strong></span> <span class='ocrx_word' id='word_1_30' title='bbox 1672 509 1772 535; x_wconf 84' lang='lat' dir='ltr'><strong>aliena</strong></span> <span class='ocrx_word' id='word_1_31' title='bbox 1787 518 1873 535; x_wconf 84' lang='lat' dir='ltr'><strong>manu</strong></span> <span class='ocrx_word' id='word_1_32' title='bbox 1888 509 2079 536; x_wconf 78' lang='lat' dir='ltr'><strong>mutilaverat.</strong></span> 
     </span>
    </p>
   </div>
   <div class='ocr_carea' id='block_1_3' title="bbox 1594 594 1946 627">
    <p class='ocr_par' dir='ltr' id='par_1_3' title="bbox 1594 594 1946 627">
     <span class='ocr_line' id='line_1_4' title="bbox 1594 594 1946 627; baseline 0.003 -7"><span class='ocrx_word' id='word_1_33' title='bbox 1594 595 1657 625; x_wconf 80' lang='lat'><strong><em>1311.</em></strong></span> <span class='ocrx_word' id='word_1_34' title='bbox 1672 594 1763 627; x_wconf 70' lang='lat' dir='ltr'><strong>Aprilis</strong></span> <span class='ocrx_word' id='word_1_35' title='bbox 1775 595 1818 625; x_wconf 82' lang='lat'><strong>27,</strong></span> <span class='ocrx_word' id='word_1_36' title='bbox 1834 595 1946 622; x_wconf 70' lang='lat' dir='ltr'><strong>Parisiis.</strong></span> 
     </span>
    </p>
   </div>
   <div class='ocr_carea' id='block_1_4' title="bbox 456 665 1580 701">
    <p class='ocr_par' dir='ltr' id='par_1_4' title="bbox 456 665 1580 701">
     <span class='ocr_line' id='line_1_5' title="bbox 456 665 1580 701; baseline -0.005 -7"><span class='ocrx_word' id='word_1_37' title='bbox 456 670 584 701; x_wconf 78' lang='lat' dir='ltr'><strong>Beugnot,</strong></span> <span class='ocrx_word' id='word_1_38' title='bbox 600 670 650 694; x_wconf 84' lang='lat' dir='ltr'><strong>Les</strong></span> <span class='ocrx_word' id='word_1_39' title='bbox 665 669 746 698; x_wconf 83' lang='lat' dir='ltr'><em>Olim,</em></span> <span class='ocrx_word' id='word_1_40' title='bbox 761 669 807 698; x_wconf 74' lang='lat'>111,</span> <span class='ocrx_word' id='word_1_41' title='bbox 823 677 849 700; x_wconf 87' lang='lat' dir='ltr'><strong>p.</strong></span> <span class='ocrx_word' id='word_1_42' title='bbox 866 669 911 692; x_wconf 87' lang='lat'><strong>637</strong></span> <span class='ocrx_word' id='word_1_43' title='bbox 927 668 1026 698; x_wconf 82' lang='lat' dir='ltr'><strong>(Martis</strong></span> <span class='ocrx_word' id='word_1_44' title='bbox 1041 671 1103 699; x_wconf 82' lang='lat' dir='ltr'><strong>post</strong></span> <span class='ocrx_word' id='word_1_45' title='bbox 1118 668 1143 690; x_wconf 91' lang='lat' dir='ltr'><strong>S.</strong></span> <span class='ocrx_word' id='word_1_46' title='bbox 1161 666 1311 697; x_wconf 77' lang='lat' dir='ltr'><strong>Georgium.</strong></span> <span class='ocrx_word' id='word_1_47' title='bbox 1329 666 1400 697; x_wconf 69' lang='lat' dir='ltr'><strong>Roya</strong></span> <span class='ocrx_word' id='word_1_48' title='bbox 1414 665 1580 697; x_wconf 77' lang='lat' dir='ltr'><strong>reportavit).</strong></span> 
     </span>
    </p>
   </div>
   <div class='ocr_carea' id='block_1_5' title="bbox 362 830 2229 876">
    <p class='ocr_par' dir='ltr' id='par_1_5' title="bbox 362 830 2229 876">
     <span class='ocr_line' id='line_1_6' title="bbox 362 830 2229 876; baseline -0.003 -8"><span class='ocrx_word' id='word_1_49' title='bbox 362 830 474 868; x_wconf 80' lang='grc'><strong>690.</strong></span> <span class='ocrx_word' id='word_1_50' title='bbox 501 839 663 876; x_wconf 81' lang='lat' dir='ltr'><em>Capitulum</em></span> <span class='ocrx_word' id='word_1_51' title='bbox 676 838 812 874; x_wconf 80' lang='lat' dir='ltr'><strong>generale</strong></span> <span class='ocrx_word' id='word_1_52' title='bbox 827 837 892 864; x_wconf 79' lang='lat' dir='ltr'><strong>ord.</strong></span> <span class='ocrx_word' id='word_1_53' title='bbox 905 836 1009 863; x_wconf 82' lang='lat' dir='ltr'><strong>Praed.</strong></span> <span class='ocrx_word' id='word_1_54' title='bbox 1023 836 1076 862; x_wconf 79' lang='lat' dir='ltr'><strong>sub</strong></span> <span class='ocrx_word' id='word_1_55' title='bbox 1087 835 1235 871; x_wconf 75' lang='lat' dir='ltr'><strong>Aymerico</strong></span> <span class='ocrx_word' id='word_1_56' title='bbox 1245 835 1414 862; x_wconf 85' lang='lat' dir='ltr'><strong>Placentino</strong></span> <span class='ocrx_word' id='word_1_57' title='bbox 1425 835 1599 862; x_wconf 82' lang='lat' dir='ltr'><strong>celebratum</strong></span> <span class='ocrx_word' id='word_1_58' title='bbox 1609 838 1718 871; x_wconf 79' lang='lat' dir='ltr'><strong>fratres</strong></span> <span class='ocrx_word' id='word_1_59' title='bbox 1734 836 1774 862; x_wconf 86' lang='lat' dir='ltr'><strong>ad</strong></span> <span class='ocrx_word' id='word_1_60' title='bbox 1789 836 1939 872; x_wconf 79' lang='lat' dir='ltr'><strong>legendum</strong></span> <span class='ocrx_word' id='word_1_61' title='bbox 1950 836 2074 863; x_wconf 78' lang='lat' dir='ltr'><strong>Parisiis</strong></span> <span class='ocrx_word' id='word_1_62' title='bbox 2086 836 2229 872; x_wconf 72' lang='lat' dir='ltr'><strong>designat.</strong></span> 
     </span>
    </p>
   </div>
   <div class='ocr_carea' id='block_1_6' title="bbox 1546 921 1945 954">
    <p class='ocr_par' dir='ltr' id='par_1_6' title="bbox 1546 921 1945 954">
     <span class='ocr_line' id='line_1_7' title="bbox 1546 921 1945 954; baseline 0.003 -7"><span class='ocrx_word' id='word_1_63' title='bbox 1546 921 1610 951; x_wconf 85' lang='grc'>1311,</span> <span class='ocrx_word' id='word_1_64' title='bbox 1626 921 1690 947; x_wconf 72' lang='lat' dir='ltr'><strong>Halo</strong></span> <span class='ocrx_word' id='word_1_65' title='bbox 1705 923 1821 951; x_wconf 69' lang='lat' dir='ltr'><strong>exeunte,</strong></span> <span class='ocrx_word' id='word_1_66' title='bbox 1836 921 1945 954; x_wconf 69' lang='lat' dir='ltr'><strong>Neapoli.</strong></span> 
     </span>
    </p>
   </div>
   <div class='ocr_carea' id='block_1_7' title="bbox 359 994 2231 1241">
    <p class='ocr_par' dir='ltr' id='par_1_7' title="bbox 359 994 2231 1241">
     <span class='ocr_line' id='line_1_8' title="bbox 451 994 2229 1042; baseline -0.001 -12"><span class='ocrx_word' id='word_1_67' title='bbox 451 997 686 1030; x_wconf 87' lang='lat' dir='ltr'><strong>Absolvimus</strong></span> <span class='ocrx_word' id='word_1_68' title='bbox 708 996 865 1041; x_wconf 84' lang='lat' dir='ltr'><strong>priorem</strong></span> <span class='ocrx_word' id='word_1_69' title='bbox 887 994 1147 1040; x_wconf 83' lang='lat' dir='ltr'><strong>provincialem</strong></span> <span class='ocrx_word' id='word_1_70' title='bbox 1170 994 1341 1028; x_wconf 82' lang='lat' dir='ltr'><strong>Saxonie¹</strong></span> <span class='ocrx_word' id='word_1_71' title='bbox 1364 1001 1400 1028; x_wconf 90' lang='lat' dir='ltr'><strong>et</strong></span> <span class='ocrx_word' id='word_1_72' title='bbox 1419 995 1594 1028; x_wconf 81' lang='lat' dir='ltr'>mittimus</span> <span class='ocrx_word' id='word_1_73' title='bbox 1616 1007 1695 1028; x_wconf 90' lang='lat' dir='ltr'><strong>eum</strong></span> <span class='ocrx_word' id='word_1_74' title='bbox 1718 996 1879 1029; x_wconf 86' lang='lat' dir='ltr'><strong>Parisius</strong></span> <span class='ocrx_word' id='word_1_75' title='bbox 1906 996 1950 1029; x_wconf 89' lang='lat' dir='ltr'><strong>ad</strong></span> <span class='ocrx_word' id='word_1_76' title='bbox 1974 996 2229 1042; x_wconf 87' lang='lat' dir='ltr'><strong>legendum....</strong></span> 
     </span>
     <span class='ocr_line' id='line_1_9' title="bbox 448 1061 2231 1109; baseline -0.001 -12"><span class='ocrx_word' id='word_1_77' title='bbox 448 1064 690 1109; x_wconf 86' lang='lat' dir='ltr'><strong>Assignamus</strong></span> <span class='ocrx_word' id='word_1_78' title='bbox 728 1062 772 1095; x_wconf 86' lang='lat' dir='ltr'><strong>ad</strong></span> <span class='ocrx_word' id='word_1_79' title='bbox 810 1061 1007 1107; x_wconf 85' lang='lat' dir='ltr'><strong>legendum</strong></span> <span class='ocrx_word' id='word_1_80' title='bbox 1048 1061 1253 1094; x_wconf 85' lang='lat' dir='ltr'><strong>Sententias</strong></span> <span class='ocrx_word' id='word_1_81' title='bbox 1291 1061 1452 1095; x_wconf 86' lang='lat' dir='ltr'><strong>Parisius</strong></span> <span class='ocrx_word' id='word_1_82' title='bbox 1490 1062 1636 1095; x_wconf 84' lang='lat' dir='ltr'><strong>fratrem</strong></span> <span class='ocrx_word' id='word_1_83' title='bbox 1676 1062 1917 1095; x_wconf 88' lang='lat' dir='ltr'><strong>Thedericum</strong></span> <span class='ocrx_word' id='word_1_84' title='bbox 1962 1063 2007 1096; x_wconf 93' lang='lat' dir='ltr'><strong>de</strong></span> <span class='ocrx_word' id='word_1_85' title='bbox 2045 1063 2231 1108; x_wconf 88' lang='lat' dir='ltr'><strong>provincia</strong></span> 
     </span>
     <span class='ocr_line' id='line_1_10' title="bbox 361 1127 2229 1174; baseline -0.001 -11"><span class='ocrx_word' id='word_1_86' title='bbox 361 1131 544 1164; x_wconf 80' lang='lat' dir='ltr'><strong>Saxonie².</strong></span> <span class='ocrx_word' id='word_1_87' title='bbox 564 1131 665 1170; x_wconf 74' lang='lat' dir='ltr'><strong>Item,</strong></span> <span class='ocrx_word' id='word_1_88' title='bbox 685 1128 919 1174; x_wconf 80' lang='lat' dir='ltr'><strong>providemus</strong></span> <span class='ocrx_word' id='word_1_89' title='bbox 941 1128 1058 1160; x_wconf 89' lang='lat' dir='ltr'><strong>eidem</strong></span> <span class='ocrx_word' id='word_1_90' title='bbox 1076 1128 1198 1161; x_wconf 87' lang='lat' dir='ltr'><strong>studio</strong></span> <span class='ocrx_word' id='word_1_91' title='bbox 1215 1139 1280 1173; x_wconf 93' lang='lat' dir='ltr'><strong>pro</strong></span> <span class='ocrx_word' id='word_1_92' title='bbox 1298 1127 1415 1161; x_wconf 87' lang='lat' dir='ltr'><strong>Biblia</strong></span> <span class='ocrx_word' id='word_1_93' title='bbox 1431 1128 1587 1174; x_wconf 86' lang='lat' dir='ltr'><strong>legenda</strong></span> <span class='ocrx_word' id='word_1_94' title='bbox 1608 1128 1653 1161; x_wconf 89' lang='lat' dir='ltr'><strong>de</strong></span> <span class='ocrx_word' id='word_1_95' title='bbox 1669 1129 1778 1162; x_wconf 81' lang='lat' dir='ltr'><strong>fratre</strong></span> <span class='ocrx_word' id='word_1_96' title='bbox 1793 1128 1928 1162; x_wconf 87' lang='lat' dir='ltr'><strong>Jacobo</strong></span> <span class='ocrx_word' id='word_1_97' title='bbox 1946 1129 1990 1162; x_wconf 90' lang='lat' dir='ltr'><strong>de</strong></span> <span class='ocrx_word' id='word_1_98' title='bbox 2007 1130 2229 1163; x_wconf 81' lang='lat' dir='ltr'><strong>Lausania’..</strong></span> 
     </span>
     <span class='ocr_line' id='line_1_11' title="bbox 359 1194 2231 1241; baseline 0 -12"><span class='ocrx_word' id='word_1_99' title='bbox 359 1198 447 1229; x_wconf 88' lang='lat' dir='ltr'><strong>Item</strong></span> <span class='ocrx_word' id='word_1_100' title='bbox 470 1196 704 1241; x_wconf 81' lang='lat' dir='ltr'><strong>providemus</strong></span> <span class='ocrx_word' id='word_1_101' title='bbox 725 1201 897 1239; x_wconf 86' lang='lat' dir='ltr'><strong>quantum</strong></span> <span class='ocrx_word' id='word_1_102' title='bbox 919 1200 1043 1227; x_wconf 85' lang='lat' dir='ltr'><strong>nostra</strong></span> <span class='ocrx_word' id='word_1_103' title='bbox 1063 1194 1216 1227; x_wconf 84' lang='lat' dir='ltr'><strong>interest</strong></span> <span class='ocrx_word' id='word_1_104' title='bbox 1237 1194 1281 1226; x_wconf 89' lang='lat' dir='ltr'><strong>de</strong></span> <span class='ocrx_word' id='word_1_105' title='bbox 1302 1194 1410 1227; x_wconf 80' lang='lat' dir='ltr'><strong>fratre</strong></span> <span class='ocrx_word' id='word_1_106' title='bbox 1431 1194 1594 1227; x_wconf 88' lang='lat' dir='ltr'><strong>Johanne</strong></span> <span class='ocrx_word' id='word_1_107' title='bbox 1617 1195 1660 1227; x_wconf 93' lang='lat' dir='ltr'><strong>de</strong></span> <span class='ocrx_word' id='word_1_108' title='bbox 1678 1194 1815 1235; x_wconf 46' lang='lat' dir='ltr'><strong>Pratoss</strong></span> <span class='ocrx_word' id='word_1_109' title='bbox 1834 1195 1932 1240; x_wconf 92' lang='lat' dir='ltr'><strong>quod</strong></span> <span class='ocrx_word' id='word_1_110' title='bbox 1948 1195 2116 1240; x_wconf 85' lang='lat' dir='ltr'><strong>sequenti</strong></span> <span class='ocrx_word' id='word_1_111' title='bbox 2137 1207 2231 1229; x_wconf 88' lang='lat' dir='ltr'><strong>anno</strong></span> 
     </span>
    </p>
   </div>
   <div class='ocr_carea' id='block_1_8' title="bbox 358 1261 875 1308">
    <p class='ocr_par' dir='ltr' id='par_1_8' title="bbox 358 1261 875 1308">
     <span class='ocr_line' id='line_1_12' title="bbox 358 1261 875 1308; baseline -0.006 -12"><span class='ocrx_word' id='word_1_112' title='bbox 358 1263 456 1308; x_wconf 83' lang='lat' dir='ltr'><strong>legat</strong></span> <span class='ocrx_word' id='word_1_113' title='bbox 477 1262 680 1296; x_wconf 85' lang='lat' dir='ltr'><strong>Sententias</strong></span> <span class='ocrx_word' id='word_1_114' title='bbox 702 1261 875 1294; x_wconf 86' lang='lat' dir='ltr'><strong>Parisius.</strong></span> 
     </span>
    </p>
   </div>
   <div class='ocr_carea' id='block_1_9' title="bbox 452 1358 1846 1391">
    <p class='ocr_par' dir='ltr' id='par_1_9' title="bbox 452 1358 1846 1391">
     <span class='ocr_line' id='line_1_13' title="bbox 452 1358 1846 1391; baseline 0 -9"><span class='ocrx_word' id='word_1_115' title='bbox 452 1359 514 1382; x_wconf 84' lang='lat' dir='ltr'><strong>Mss.</strong></span> <span class='ocrx_word' id='word_1_116' title='bbox 530 1359 604 1382; x_wconf 84' lang='lat' dir='ltr'><strong>Rom.</strong></span> <span class='ocrx_word' id='word_1_117' title='bbox 620 1361 645 1382; x_wconf 85' lang='lat' dir='ltr'><strong>et</strong></span> <span class='ocrx_word' id='word_1_118' title='bbox 658 1359 797 1382; x_wconf 83' lang='lat' dir='ltr'><strong>Rutenens.</strong></span> <span class='ocrx_word' id='word_1_119' title='bbox 814 1358 898 1389; x_wconf 79' lang='lat' dir='ltr'><strong>Cnpp.</strong></span> <span class='ocrx_word' id='word_1_120' title='bbox 913 1359 1028 1390; x_wconf 79' lang='lat' dir='ltr'><strong>general.</strong></span> <span class='ocrx_word' id='word_1_121' title='bbox 1043 1358 1107 1382; x_wconf 83' lang='lat' dir='ltr'><strong>Ord.</strong></span> <span class='ocrx_word' id='word_1_122' title='bbox 1123 1358 1215 1382; x_wconf 81' lang='lat' dir='ltr'><strong>Praed.</strong></span> <span class='ocrx_word' id='word_1_123' title='bbox 1232 1372 1262 1376; x_wconf 97' lang='lat'>—</span> <span class='ocrx_word' id='word_1_124' title='bbox 1277 1358 1402 1391; x_wconf 65' lang='lat' dir='ltr'><strong>martene,</strong></span> <span class='ocrx_word' id='word_1_125' title='bbox 1421 1359 1499 1383; x_wconf 82' lang='lat' dir='ltr'><strong>Thes.</strong></span> <span class='ocrx_word' id='word_1_126' title='bbox 1514 1365 1578 1383; x_wconf 82' lang='lat' dir='ltr'><strong>nov.</strong></span> <span class='ocrx_word' id='word_1_127' title='bbox 1594 1360 1701 1387; x_wconf 63' lang='lat' dir='ltr'><strong>anecd„</strong></span> <span class='ocrx_word' id='word_1_128' title='bbox 1718 1359 1759 1388; x_wconf 88' lang='lat' dir='ltr'><strong>lv,</strong></span> <span class='ocrx_word' id='word_1_129' title='bbox 1776 1359 1846 1382; x_wconf 78' lang='lat'><strong>1932.</strong></span> 
     </span>
    </p>
   </div>
   <div class='ocr_carea' id='block_1_10' title="bbox 359 1441 2234 1910">
    <p class='ocr_par' dir='ltr' id='par_1_10' title="bbox 359 1441 2234 1910">
     <span class='ocr_line' id='line_1_14' title="bbox 453 1441 2233 1474; baseline 0.001 -9"><span class='ocrx_word' id='word_1_130' title='bbox 453 1443 474 1465; x_wconf 89' lang='grc'>1.</span> <span class='ocrx_word' id='word_1_131' title='bbox 491 1442 648 1473; x_wconf 79' lang='lat' dir='ltr'><strong>Magistrum</strong></span> <span class='ocrx_word' id='word_1_132' title='bbox 663 1442 845 1465; x_wconf 81' lang='lat' dir='ltr'><strong>Eckehardum</strong></span> <span class='ocrx_word' id='word_1_133' title='bbox 861 1441 892 1465; x_wconf 90' lang='lat' dir='ltr'><strong>de</strong></span> <span class='ocrx_word' id='word_1_134' title='bbox 907 1442 1051 1466; x_wconf 85' lang='lat' dir='ltr'><strong>Hochheim</strong></span> <span class='ocrx_word' id='word_1_135' title='bbox 1066 1443 1109 1472; x_wconf 82' lang='lat' dir='ltr'><strong>(cf.</strong></span> <span class='ocrx_word' id='word_1_136' title='bbox 1130 1442 1234 1466; x_wconf 83' lang='lat' dir='ltr'><strong>Archiv</strong></span> <span class='ocrx_word' id='word_1_137' title='bbox 1253 1443 1272 1472; x_wconf 73' lang='grc' dir='ltr'><strong>Γ.</strong></span> <span class='ocrx_word' id='word_1_138' title='bbox 1289 1442 1449 1466; x_wconf 78' lang='lat' dir='ltr'><strong>Litteracur</strong></span> <span class='ocrx_word' id='word_1_139' title='bbox 1463 1449 1504 1466; x_wconf 79' lang='grc' dir='ltr'><strong>-ιι,</strong></span> <span class='ocrx_word' id='word_1_140' title='bbox 1523 1442 1741 1473; x_wconf 78' lang='lat' dir='ltr'><strong>Kirchenyesch.</strong></span> <span class='ocrx_word' id='word_1_141' title='bbox 1756 1443 1803 1467; x_wconf 78' lang='lat' dir='ltr'><strong>cles</strong></span> <span class='ocrx_word' id='word_1_142' title='bbox 1821 1442 1971 1471; x_wconf 67' lang='lat' dir='ltr'><strong>Mittelalc„</strong></span> <span class='ocrx_word' id='word_1_143' title='bbox 1993 1442 2022 1471; x_wconf 88' lang='lat' dir='ltr'><strong>V,</strong></span> <span class='ocrx_word' id='word_1_144' title='bbox 2038 1443 2084 1466; x_wconf 80' lang='lat'><strong>349</strong></span> <span class='ocrx_word' id='word_1_145' title='bbox 2104 1443 2172 1474; x_wconf 80' lang='lat' dir='ltr'><strong>sqq.)</strong></span> <span class='ocrx_word' id='word_1_146' title='bbox 2187 1443 2233 1474; x_wconf 88' lang='lat' dir='ltr'><strong>qui</strong></span> 
     </span>
     <span class='ocr_line' id='line_1_15' title="bbox 359 1486 2233 1518; baseline 0.001 -9"><span class='ocrx_word' id='word_1_147' title='bbox 359 1495 400 1510; x_wconf 75' lang='lat' dir='ltr'><strong>an.</strong></span> <span class='ocrx_word' id='word_1_148' title='bbox 422 1487 482 1510; x_wconf 80' lang='lat'>1302</span> <span class='ocrx_word' id='word_1_149' title='bbox 499 1487 648 1510; x_wconf 69' lang='lat' dir='ltr'><strong>licentiatus</strong></span> <span class='ocrx_word' id='word_1_150' title='bbox 671 1490 710 1510; x_wconf 82' lang='lat' dir='ltr'><strong>est</strong></span> <span class='ocrx_word' id='word_1_151' title='bbox 729 1487 839 1510; x_wconf 75' lang='lat' dir='ltr'><strong>Parisiis</strong></span> <span class='ocrx_word' id='word_1_152' title='bbox 856 1488 898 1516; x_wconf 79' lang='lat' dir='ltr'><strong>(cf.</strong></span> <span class='ocrx_word' id='word_1_153' title='bbox 917 1487 1031 1514; x_wconf 77' lang='lat' dir='ltr'><strong>Archiv,</strong></span> <span class='ocrx_word' id='word_1_154' title='bbox 1050 1490 1108 1515; x_wconf 65' lang='lat' dir='ltr'><strong>etc„</strong></span> <span class='ocrx_word' id='word_1_155' title='bbox 1130 1487 1163 1516; x_wconf 87' lang='lat'><strong>11,</strong></span> <span class='ocrx_word' id='word_1_156' title='bbox 1180 1486 1243 1518; x_wconf 79' lang='lat'><strong>211),</strong></span> <span class='ocrx_word' id='word_1_157' title='bbox 1259 1494 1301 1510; x_wconf 79' lang='lat' dir='ltr'><strong>nn.</strong></span> <span class='ocrx_word' id='word_1_158' title='bbox 1319 1487 1379 1509; x_wconf 88' lang='grc'>1303</span> <span class='ocrx_word' id='word_1_159' title='bbox 1397 1487 1494 1510; x_wconf 83' lang='lat' dir='ltr'><strong>electus</strong></span> <span class='ocrx_word' id='word_1_160' title='bbox 1509 1490 1549 1510; x_wconf 87' lang='lat' dir='ltr'><strong>est</strong></span> <span class='ocrx_word' id='word_1_161' title='bbox 1563 1486 1735 1518; x_wconf 81' lang='lat' dir='ltr'><strong>provincialis</strong></span> <span class='ocrx_word' id='word_1_162' title='bbox 1750 1486 1903 1518; x_wconf 81' lang='lat' dir='ltr'><strong>provinciae</strong></span> <span class='ocrx_word' id='word_1_163' title='bbox 1921 1486 2050 1510; x_wconf 76' lang='lat' dir='ltr'><strong>Snxoniae</strong></span> <span class='ocrx_word' id='word_1_164' title='bbox 2067 1490 2093 1510; x_wconf 83' lang='lat' dir='ltr'><strong>et</strong></span> <span class='ocrx_word' id='word_1_165' title='bbox 2110 1495 2152 1510; x_wconf 81' lang='lat' dir='ltr'><strong>an.</strong></span> <span class='ocrx_word' id='word_1_166' title='bbox 2173 1487 2233 1510; x_wconf 75' lang='lat'><strong>1304</strong></span> 
     </span>
     <span class='ocr_line' id='line_1_16' title="bbox 359 1531 2233 1563; baseline 0.001 -9"><span class='ocrx_word' id='word_1_167' title='bbox 359 1531 528 1554; x_wconf 79' lang='lat' dir='ltr'><strong>confirmatus</strong></span> <span class='ocrx_word' id='word_1_168' title='bbox 553 1531 595 1562; x_wconf 81' lang='lat' dir='ltr'><strong>(cf,</strong></span> <span class='ocrx_word' id='word_1_169' title='bbox 612 1531 716 1555; x_wconf 77' lang='lat' dir='ltr'><strong>Archiv</strong></span> <span class='ocrx_word' id='word_1_170' title='bbox 738 1534 763 1554; x_wconf 86' lang='lat' dir='ltr'><strong>et</strong></span> <span class='ocrx_word' id='word_1_171' title='bbox 785 1531 910 1560; x_wconf 76' lang='lat' dir='ltr'><strong>Murtene,</strong></span> <span class='ocrx_word' id='word_1_172' title='bbox 932 1531 1011 1555; x_wconf 82' lang='lat' dir='ltr'><strong>Thes.</strong></span> <span class='ocrx_word' id='word_1_173' title='bbox 1031 1538 1095 1555; x_wconf 82' lang='lat' dir='ltr'><strong>nov.</strong></span> <span class='ocrx_word' id='word_1_174' title='bbox 1110 1532 1215 1560; x_wconf 61' lang='lat' dir='ltr'><strong>anecd,</strong></span> <span class='ocrx_word' id='word_1_175' title='bbox 1236 1531 1277 1559; x_wconf 85' lang='lat' dir='ltr'><strong>lv,</strong></span> <span class='ocrx_word' id='word_1_176' title='bbox 1296 1531 1380 1560; x_wconf 81' lang='lat'><strong>1893);</strong></span> <span class='ocrx_word' id='word_1_177' title='bbox 1401 1539 1442 1554; x_wconf 75' lang='lat' dir='ltr'><strong>an.</strong></span> <span class='ocrx_word' id='word_1_178' title='bbox 1460 1531 1519 1554; x_wconf 78' lang='lat'>1311</span> <span class='ocrx_word' id='word_1_179' title='bbox 1545 1531 1682 1554; x_wconf 76' lang='lat' dir='ltr'><strong>absolutus</strong></span> <span class='ocrx_word' id='word_1_180' title='bbox 1706 1534 1747 1555; x_wconf 83' lang='lat' dir='ltr'><strong>est</strong></span> <span class='ocrx_word' id='word_1_181' title='bbox 1767 1531 1801 1554; x_wconf 81' lang='lat' dir='ltr'><strong>ab</strong></span> <span class='ocrx_word' id='word_1_182' title='bbox 1822 1531 1906 1554; x_wconf 83' lang='lat' dir='ltr'><strong>officio</strong></span> <span class='ocrx_word' id='word_1_183' title='bbox 1929 1531 2137 1563; x_wconf 77' lang='lat' dir='ltr'><strong>provinciulatus</strong></span> <span class='ocrx_word' id='word_1_184' title='bbox 2162 1531 2233 1563; x_wconf 79' lang='lat' dir='ltr'><strong>apud</strong></span> 
     </span>
     <span class='ocr_line' id='line_1_17' title="bbox 359 1575 2232 1607; baseline 0.001 -9"><span class='ocrx_word' id='word_1_185' title='bbox 359 1576 505 1607; x_wconf 77' lang='lat' dir='ltr'><strong>Neapolim,</strong></span> <span class='ocrx_word' id='word_1_186' title='bbox 523 1584 534 1598; x_wconf 78' lang='lat' dir='ltr'><strong>(t</strong></span> <span class='ocrx_word' id='word_1_187' title='bbox 550 1578 575 1598; x_wconf 83' lang='lat' dir='ltr'><strong>et</strong></span> <span class='ocrx_word' id='word_1_188' title='bbox 590 1575 686 1599; x_wconf 84' lang='lat' dir='ltr'><strong>missus</strong></span> <span class='ocrx_word' id='word_1_189' title='bbox 703 1575 819 1599; x_wconf 83' lang='lat' dir='ltr'><strong>Pnrisius</strong></span> <span class='ocrx_word' id='word_1_190' title='bbox 835 1576 868 1598; x_wconf 79' lang='lat' dir='ltr'><strong>nd</strong></span> <span class='ocrx_word' id='word_1_191' title='bbox 887 1576 1029 1607; x_wconf 85' lang='lat' dir='ltr'><strong>legendum</strong></span> <span class='ocrx_word' id='word_1_192' title='bbox 1048 1583 1071 1604; x_wconf 76' lang='lat'><strong>»,</strong></span> <span class='ocrx_word' id='word_1_193' title='bbox 1087 1579 1116 1598; x_wconf 86' lang='lat' dir='ltr'><strong>ut</strong></span> <span class='ocrx_word' id='word_1_194' title='bbox 1130 1575 1249 1598; x_wconf 85' lang='lat' dir='ltr'><strong>videmus</strong></span> <span class='ocrx_word' id='word_1_195' title='bbox 1274 1575 1300 1598; x_wconf 87' lang='lat' dir='ltr'><strong>in</strong></span> <span class='ocrx_word' id='word_1_196' title='bbox 1322 1576 1405 1599; x_wconf 76' lang='lat' dir='ltr'><strong>Cntnl.</strong></span> <span class='ocrx_word' id='word_1_197' title='bbox 1430 1575 1634 1607; x_wconf 82' lang='lat' dir='ltr'><strong>provincialium</strong></span> <span class='ocrx_word' id='word_1_198' title='bbox 1659 1576 1787 1599; x_wconf 80' lang='lat' dir='ltr'><strong>Saxoniue</strong></span> <span class='ocrx_word' id='word_1_199' title='bbox 1809 1576 1881 1607; x_wconf 77' lang='lat' dir='ltr'><strong>apud</strong></span> <span class='ocrx_word' id='word_1_200' title='bbox 1902 1576 2151 1605; x_wconf 63' lang='lat' dir='ltr'><strong>Murteae-Duram,</strong></span> <span class='ocrx_word' id='word_1_201' title='bbox 2178 1576 2232 1601; x_wconf 73' lang='lat' dir='ltr'><strong>Vct.</strong></span> 
     </span>
     <span class='ocr_line' id='line_1_18' title="bbox 361 1619 2233 1651; baseline 0 -7"><span class='ocrx_word' id='word_1_202' title='bbox 361 1621 411 1644; x_wconf 85' lang='lat' dir='ltr'><strong>SS.</strong></span> <span class='ocrx_word' id='word_1_203' title='bbox 425 1620 502 1649; x_wconf 70' lang='lat' dir='ltr'><em>Coll„</em></span> <span class='ocrx_word' id='word_1_204' title='bbox 518 1620 560 1649; x_wconf 80' lang='lat' dir='ltr'><strong>VI,</strong></span> <span class='ocrx_word' id='word_1_205' title='bbox 577 1621 631 1643; x_wconf 74' lang='lat'><strong>343.</strong></span> <span class='ocrx_word' id='word_1_206' title='bbox 648 1620 683 1642; x_wconf 82' lang='lat' dir='ltr'><strong>De</strong></span> <span class='ocrx_word' id='word_1_207' title='bbox 699 1620 826 1650; x_wconf 77' lang='lat' dir='ltr'><strong>magistro</strong></span> <span class='ocrx_word' id='word_1_208' title='bbox 840 1620 1001 1648; x_wconf 76' lang='lat' dir='ltr'><strong>Eckehurdo,</strong></span> <span class='ocrx_word' id='word_1_209' title='bbox 1018 1619 1062 1651; x_wconf 90' lang='lat' dir='ltr'><strong>qui</strong></span> <span class='ocrx_word' id='word_1_210' title='bbox 1076 1628 1127 1642; x_wconf 89' lang='lat' dir='ltr'><strong>non</strong></span> <span class='ocrx_word' id='word_1_211' title='bbox 1142 1620 1308 1651; x_wconf 82' lang='lat' dir='ltr'><strong>Argentinne,</strong></span> <span class='ocrx_word' id='word_1_212' title='bbox 1325 1620 1370 1643; x_wconf 85' lang='lat' dir='ltr'><strong>sed</strong></span> <span class='ocrx_word' id='word_1_213' title='bbox 1384 1620 1528 1643; x_wconf 81' lang='lat' dir='ltr'><strong>Hochheim</strong></span> <span class='ocrx_word' id='word_1_214' title='bbox 1543 1620 1568 1643; x_wconf 92' lang='lat' dir='ltr'><strong>in</strong></span> <span class='ocrx_word' id='word_1_215' title='bbox 1585 1620 1731 1651; x_wconf 83' lang='lat' dir='ltr'><strong>Thuringia</strong></span> <span class='ocrx_word' id='word_1_216' title='bbox 1749 1623 1826 1643; x_wconf 80' lang='lat' dir='ltr'><strong>natus</strong></span> <span class='ocrx_word' id='word_1_217' title='bbox 1841 1623 1905 1648; x_wconf 80' lang='lat' dir='ltr'><strong>erat,</strong></span> <span class='ocrx_word' id='word_1_218' title='bbox 1920 1629 1945 1644; x_wconf 86' lang='lat' dir='ltr'><strong>v.</strong></span> <span class='ocrx_word' id='word_1_219' title='bbox 1962 1620 2061 1644; x_wconf 83' lang='lat' dir='ltr'><strong>Denisse</strong></span> <span class='ocrx_word' id='word_1_220' title='bbox 2076 1620 2102 1643; x_wconf 89' lang='lat' dir='ltr'><strong>in</strong></span> <span class='ocrx_word' id='word_1_221' title='bbox 2117 1619 2233 1650; x_wconf 74' lang='lat' dir='ltr'><strong>Archiv,</strong></span> 
     </span>
     <span class='ocr_line' id='line_1_19' title="bbox 359 1664 2233 1697; baseline 0 -9"><span class='ocrx_word' id='word_1_222' title='bbox 359 1665 377 1688; x_wconf 88' lang='lat' dir='ltr'><strong>l.</strong></span> <span class='ocrx_word' id='word_1_223' title='bbox 398 1673 430 1692; x_wconf 83' lang='lat' dir='ltr'><strong>c.,</strong></span> <span class='ocrx_word' id='word_1_224' title='bbox 447 1667 472 1687; x_wconf 82' lang='lat' dir='ltr'><strong>et</strong></span> <span class='ocrx_word' id='word_1_225' title='bbox 487 1665 519 1693; x_wconf 76' lang='grc' dir='ltr'><strong>ΙΙ,</strong></span> <span class='ocrx_word' id='word_1_226' title='bbox 534 1665 579 1687; x_wconf 72' lang='lat'><strong>417</strong></span> <span class='ocrx_word' id='word_1_227' title='bbox 600 1672 668 1695; x_wconf 52' lang='lat' dir='ltr'><strong>sqq„</strong></span> <span class='ocrx_word' id='word_1_228' title='bbox 684 1665 730 1687; x_wconf 80' lang='lat'><strong>673</strong></span> <span class='ocrx_word' id='word_1_229' title='bbox 745 1672 802 1695; x_wconf 83' lang='lat' dir='ltr'><strong>sqq.</strong></span> <span class='ocrx_word' id='word_1_230' title='bbox 820 1678 850 1682; x_wconf 92' lang='lat'>—</span> <span class='ocrx_word' id='word_1_231' title='bbox 864 1665 886 1688; x_wconf 81' lang='lat'><strong>2.</strong></span> <span class='ocrx_word' id='word_1_232' title='bbox 902 1665 938 1687; x_wconf 84' lang='lat' dir='ltr'><strong>Ne</strong></span> <span class='ocrx_word' id='word_1_233' title='bbox 953 1664 1099 1687; x_wconf 77' lang='lat' dir='ltr'><strong>confundas</strong></span> <span class='ocrx_word' id='word_1_234' title='bbox 1115 1673 1174 1687; x_wconf 88' lang='lat' dir='ltr'><strong>eum</strong></span> <span class='ocrx_word' id='word_1_235' title='bbox 1189 1672 1248 1687; x_wconf 86' lang='lat' dir='ltr'><strong>cum</strong></span> <span class='ocrx_word' id='word_1_236' title='bbox 1262 1664 1390 1695; x_wconf 77' lang='lat' dir='ltr'><strong>magistro</strong></span> <span class='ocrx_word' id='word_1_237' title='bbox 1406 1664 1567 1688; x_wconf 84' lang='lat' dir='ltr'><strong>Theoderico</strong></span> <span class='ocrx_word' id='word_1_238' title='bbox 1585 1665 1746 1688; x_wconf 86' lang='lat' dir='ltr'><strong>Theutonico</strong></span> <span class='ocrx_word' id='word_1_239' title='bbox 1761 1665 1806 1695; x_wconf 81' lang='lat' dir='ltr'><strong>(cf.</strong></span> <span class='ocrx_word' id='word_1_240' title='bbox 1821 1673 1903 1696; x_wconf 80' lang='lat' dir='ltr'><strong>supra</strong></span> <span class='ocrx_word' id='word_1_241' title='bbox 1917 1669 1947 1688; x_wconf 88' lang='lat' dir='ltr'><strong>n⁰</strong></span> <span class='ocrx_word' id='word_1_242' title='bbox 1961 1665 2026 1695; x_wconf 79' lang='lat'><strong>682),</strong></span> <span class='ocrx_word' id='word_1_243' title='bbox 2039 1665 2084 1697; x_wconf 88' lang='lat' dir='ltr'><strong>qui</strong></span> <span class='ocrx_word' id='word_1_244' title='bbox 2100 1673 2168 1688; x_wconf 78' lang='lat' dir='ltr'><strong>saec.</strong></span> <span class='ocrx_word' id='word_1_245' title='bbox 2183 1672 2233 1688; x_wconf 82' lang='lat'>1111</span> 
     </span>
     <span class='ocr_line' id='line_1_20' title="bbox 361 1708 2234 1741; baseline 0 -9"><span class='ocrx_word' id='word_1_246' title='bbox 361 1711 468 1732; x_wconf 84' lang='lat' dir='ltr'><strong>exeunte</strong></span> <span class='ocrx_word' id='word_1_247' title='bbox 483 1708 592 1732; x_wconf 77' lang='lat' dir='ltr'><strong>Parisiis</strong></span> <span class='ocrx_word' id='word_1_248' title='bbox 608 1711 648 1731; x_wconf 81' lang='lat' dir='ltr'><strong>est</strong></span> <span class='ocrx_word' id='word_1_249' title='bbox 662 1708 811 1731; x_wconf 79' lang='lat' dir='ltr'><strong>licentiatus</strong></span> <span class='ocrx_word' id='word_1_250' title='bbox 827 1708 950 1738; x_wconf 79' lang='lat' dir='ltr'><strong>(Archiv,</strong></span> <span class='ocrx_word' id='word_1_251' title='bbox 969 1709 1001 1737; x_wconf 85' lang='lat' dir='ltr'><strong>ll,</strong></span> <span class='ocrx_word' id='word_1_252' title='bbox 1018 1709 1072 1737; x_wconf 80' lang='lat'><strong>210,</strong></span> <span class='ocrx_word' id='word_1_253' title='bbox 1087 1713 1116 1731; x_wconf 87' lang='lat' dir='ltr'><strong>n⁰</strong></span> <span class='ocrx_word' id='word_1_254' title='bbox 1134 1710 1183 1738; x_wconf 70' lang='grc'><strong>40),</strong></span> <span class='ocrx_word' id='word_1_255' title='bbox 1200 1708 1274 1740; x_wconf 85' lang='lat' dir='ltr'><strong>cujus</strong></span> <span class='ocrx_word' id='word_1_256' title='bbox 1289 1717 1371 1740; x_wconf 74' lang='lat' dir='ltr'><strong>opera</strong></span> <span class='ocrx_word' id='word_1_257' title='bbox 1384 1709 1542 1740; x_wconf 83' lang='lat' dir='ltr'><strong>praesertim</strong></span> <span class='ocrx_word' id='word_1_258' title='bbox 1557 1709 1589 1732; x_wconf 87' lang='lat' dir='ltr'><strong>de</strong></span> <span class='ocrx_word' id='word_1_259' title='bbox 1603 1709 1774 1740; x_wconf 78' lang='lat' dir='ltr'><strong>philosophia</strong></span> <span class='ocrx_word' id='word_1_260' title='bbox 1788 1709 1903 1732; x_wconf 76' lang='lat' dir='ltr'><strong>naturali</strong></span> <span class='ocrx_word' id='word_1_261' title='bbox 1923 1709 1996 1739; x_wconf 88' lang='lat' dir='ltr'><strong>(ibid.</strong></span> <span class='ocrx_word' id='word_1_262' title='bbox 2013 1718 2040 1741; x_wconf 90' lang='lat' dir='ltr'><strong>p.</strong></span> <span class='ocrx_word' id='word_1_263' title='bbox 2057 1710 2111 1737; x_wconf 78' lang='lat'><strong>240,</strong></span> <span class='ocrx_word' id='word_1_264' title='bbox 2126 1713 2156 1732; x_wconf 82' lang='lat' dir='ltr'><strong>n0</strong></span> <span class='ocrx_word' id='word_1_265' title='bbox 2180 1709 2234 1739; x_wconf 88' lang='grc'>105)</span> 
     </span>
     <span class='ocr_line' id='line_1_21' title="bbox 361 1752 2233 1785; baseline 0.001 -9"><span class='ocrx_word' id='word_1_266' title='bbox 361 1753 515 1777; x_wconf 77' lang='lat' dir='ltr'><strong>afferuntur.</strong></span> <span class='ocrx_word' id='word_1_267' title='bbox 533 1752 646 1783; x_wconf 82' lang='lat' dir='ltr'><strong>Scripta,</strong></span> <span class='ocrx_word' id='word_1_268' title='bbox 658 1761 723 1783; x_wconf 81' lang='lat' dir='ltr'><strong>quae</strong></span> <span class='ocrx_word' id='word_1_269' title='bbox 737 1761 751 1775; x_wconf 84' lang='lat' dir='ltr'>a</span> <span class='ocrx_word' id='word_1_270' title='bbox 764 1753 981 1782; x_wconf 69' lang='lat' dir='ltr'><strong>Quetif-Echnrd,</strong></span> <span class='ocrx_word' id='word_1_271' title='bbox 998 1753 1047 1777; x_wconf 85' lang='lat' dir='ltr'><strong>SS.</strong></span> <span class='ocrx_word' id='word_1_272' title='bbox 1064 1753 1128 1777; x_wconf 84' lang='lat' dir='ltr'><strong>Ord.</strong></span> <span class='ocrx_word' id='word_1_273' title='bbox 1145 1753 1258 1781; x_wconf 79' lang='lat' dir='ltr'><strong>Praed.,</strong></span> <span class='ocrx_word' id='word_1_274' title='bbox 1273 1753 1292 1780; x_wconf 88' lang='grc' dir='ltr'><strong>Ι,</strong></span> <span class='ocrx_word' id='word_1_275' title='bbox 1309 1754 1354 1776; x_wconf 75' lang='lat'><strong>522</strong></span> <span class='ocrx_word' id='word_1_276' title='bbox 1369 1753 1404 1784; x_wconf 84' lang='lat' dir='ltr'><strong>(et</strong></span> <span class='ocrx_word' id='word_1_277' title='bbox 1418 1753 1445 1776; x_wconf 90' lang='lat' dir='ltr'><strong>in</strong></span> <span class='ocrx_word' id='word_1_278' title='bbox 1459 1753 1533 1778; x_wconf 79' lang='lat' dir='ltr'><strong>Hist.</strong></span> <span class='ocrx_word' id='word_1_279' title='bbox 1549 1753 1600 1778; x_wconf 77' lang='lat' dir='ltr'><strong>lice.</strong></span> <span class='ocrx_word' id='word_1_280' title='bbox 1616 1755 1649 1778; x_wconf 81' lang='lat' dir='ltr'><strong>de</strong></span> <span class='ocrx_word' id='word_1_281' title='bbox 1664 1754 1691 1778; x_wconf 80' lang='lat' dir='ltr'><strong>la</strong></span> <span class='ocrx_word' id='word_1_282' title='bbox 1706 1754 1823 1782; x_wconf 83' lang='lat' dir='ltr'><strong>France,</strong></span> <span class='ocrx_word' id='word_1_283' title='bbox 1835 1754 1936 1784; x_wconf 82' lang='lat' dir='ltr'><strong>xxvn,</strong></span> <span class='ocrx_word' id='word_1_284' title='bbox 1949 1754 1995 1777; x_wconf 75' lang='lat'><strong>419</strong></span> <span class='ocrx_word' id='word_1_285' title='bbox 2008 1754 2057 1785; x_wconf 85' lang='lat' dir='ltr'><strong>sq),</strong></span> <span class='ocrx_word' id='word_1_286' title='bbox 2070 1753 2233 1777; x_wconf 81' lang='lat' dir='ltr'><strong>Theoderico</strong></span> 
     </span>
     <span class='ocr_line' id='line_1_22' title="bbox 359 1796 2233 1829; baseline 0.001 -9"><span class='ocrx_word' id='word_1_287' title='bbox 359 1798 391 1820; x_wconf 87' lang='lat' dir='ltr'><strong>de</strong></span> <span class='ocrx_word' id='word_1_288' title='bbox 407 1797 520 1820; x_wconf 79' lang='lat' dir='ltr'><strong>Saxonia</strong></span> <span class='ocrx_word' id='word_1_289' title='bbox 535 1796 712 1824; x_wconf 74' lang='lat' dir='ltr'><strong>ascribuntur,</strong></span> <span class='ocrx_word' id='word_1_290' title='bbox 735 1797 833 1828; x_wconf 79' lang='lat' dir='ltr'><strong>partim</strong></span> <span class='ocrx_word' id='word_1_291' title='bbox 850 1797 978 1827; x_wconf 75' lang='lat' dir='ltr'><strong>(Lectura</strong></span> <span class='ocrx_word' id='word_1_292' title='bbox 991 1804 1077 1828; x_wconf 81' lang='lat' dir='ltr'><strong>super</strong></span> <span class='ocrx_word' id='word_1_293' title='bbox 1093 1797 1266 1828; x_wconf 75' lang='lat' dir='ltr'><strong>sententias)</strong></span> <span class='ocrx_word' id='word_1_294' title='bbox 1287 1801 1348 1821; x_wconf 82' lang='lat' dir='ltr'><strong>sunt</strong></span> <span class='ocrx_word' id='word_1_295' title='bbox 1365 1797 1493 1821; x_wconf 77' lang='lat' dir='ltr'><strong>Johnnnis</strong></span> <span class='ocrx_word' id='word_1_296' title='bbox 1515 1798 1547 1821; x_wconf 85' lang='lat' dir='ltr'><strong>de</strong></span> <span class='ocrx_word' id='word_1_297' title='bbox 1562 1798 1753 1829; x_wconf 83' lang='lat' dir='ltr'><strong>Liechtenberg</strong></span> <span class='ocrx_word' id='word_1_298' title='bbox 1768 1800 1859 1829; x_wconf 79' lang='lat' dir='ltr'><strong>(supra</strong></span> <span class='ocrx_word' id='word_1_299' title='bbox 1874 1802 1904 1821; x_wconf 84' lang='lat' dir='ltr'><strong>n⁰</strong></span> <span class='ocrx_word' id='word_1_300' title='bbox 1925 1798 1981 1828; x_wconf 82' lang='lat'><strong>682,</strong></span> <span class='ocrx_word' id='word_1_301' title='bbox 2000 1801 2062 1821; x_wconf 79' lang='lat' dir='ltr'><strong>nota</strong></span> <span class='ocrx_word' id='word_1_302' title='bbox 2078 1798 2110 1828; x_wconf 81' lang='lat'><strong>1),</strong></span> <span class='ocrx_word' id='word_1_303' title='bbox 2134 1797 2233 1829; x_wconf 76' lang='lat' dir='ltr'><strong>partim</strong></span> 
     </span>
     <span class='ocr_line' id='line_1_23' title="bbox 362 1840 2233 1874; baseline 0 -9"><span class='ocrx_word' id='word_1_304' title='bbox 362 1842 483 1873; x_wconf 75' lang='lat' dir='ltr'><strong>magistri</strong></span> <span class='ocrx_word' id='word_1_305' title='bbox 501 1840 656 1865; x_wconf 73' lang='lat' dir='ltr'><strong>Theoderici</strong></span> <span class='ocrx_word' id='word_1_306' title='bbox 672 1841 835 1865; x_wconf 78' lang='lat' dir='ltr'><strong>Theutonici.</strong></span> <span class='ocrx_word' id='word_1_307' title='bbox 849 1842 887 1865; x_wconf 78' lang='lat' dir='ltr'><strong>Cf.</strong></span> <span class='ocrx_word' id='word_1_308' title='bbox 899 1842 1014 1870; x_wconf 81' lang='lat' dir='ltr'><strong>Archiv,</strong></span> <span class='ocrx_word' id='word_1_309' title='bbox 1031 1842 1063 1870; x_wconf 82' lang='lat'><strong>11,</strong></span> <span class='ocrx_word' id='word_1_310' title='bbox 1077 1842 1130 1869; x_wconf 80' lang='lat'><strong>228,</strong></span> <span class='ocrx_word' id='word_1_311' title='bbox 1144 1846 1173 1864; x_wconf 88' lang='lat' dir='ltr'><strong>n⁰</strong></span> <span class='ocrx_word' id='word_1_312' title='bbox 1189 1842 1231 1870; x_wconf 81' lang='grc'>18;</span> <span class='ocrx_word' id='word_1_313' title='bbox 1248 1843 1302 1872; x_wconf 83' lang='lat'><strong>240,</strong></span> <span class='ocrx_word' id='word_1_314' title='bbox 1314 1847 1342 1865; x_wconf 85' lang='lat' dir='ltr'><strong>n⁰</strong></span> <span class='ocrx_word' id='word_1_315' title='bbox 1356 1843 1408 1866; x_wconf 78' lang='lat'><strong>105.</strong></span> <span class='ocrx_word' id='word_1_316' title='bbox 1426 1842 1604 1866; x_wconf 82' lang='lat' dir='ltr'><strong>Theodericus</strong></span> <span class='ocrx_word' id='word_1_317' title='bbox 1620 1843 1651 1865; x_wconf 82' lang='lat' dir='ltr'><strong>de</strong></span> <span class='ocrx_word' id='word_1_318' title='bbox 1665 1842 1787 1872; x_wconf 81' lang='lat' dir='ltr'><strong>Saxonin,</strong></span> <span class='ocrx_word' id='word_1_319' title='bbox 1804 1843 1835 1866; x_wconf 86' lang='lat' dir='ltr'><strong>de</strong></span> <span class='ocrx_word' id='word_1_320' title='bbox 1851 1851 1902 1874; x_wconf 85' lang='lat' dir='ltr'><strong>quo</strong></span> <span class='ocrx_word' id='word_1_321' title='bbox 1913 1850 1995 1874; x_wconf 79' lang='lat' dir='ltr'><strong>snpra</strong></span> <span class='ocrx_word' id='word_1_322' title='bbox 2005 1842 2032 1865; x_wconf 87' lang='lat' dir='ltr'><strong>in</strong></span> <span class='ocrx_word' id='word_1_323' title='bbox 2044 1845 2125 1872; x_wconf 80' lang='lat' dir='ltr'><strong>textu,</strong></span> <span class='ocrx_word' id='word_1_324' title='bbox 2137 1842 2233 1866; x_wconf 77' lang='lat' dir='ltr'><strong>baccu-</strong></span> 
     </span>
     <span class='ocr_line' id='line_1_24' title="bbox 359 1885 1247 1910; baseline 0 0"><span class='ocrx_word' id='word_1_325' title='bbox 359 1887 447 1910; x_wconf 74' lang='lat' dir='ltr'><strong>lareus</strong></span> <span class='ocrx_word' id='word_1_326' title='bbox 462 1889 563 1909; x_wconf 75' lang='lat' dir='ltr'><strong>tantum</strong></span> <span class='ocrx_word' id='word_1_327' title='bbox 574 1888 638 1909; x_wconf 80' lang='lat' dir='ltr'><strong>erat.</strong></span> <span class='ocrx_word' id='word_1_328' title='bbox 652 1898 680 1902; x_wconf 34' lang='lat' dir='ltr'><strong>—r</strong></span> <span class='ocrx_word' id='word_1_329' title='bbox 691 1886 714 1909; x_wconf 88' lang='lat'><strong>3.</strong></span> <span class='ocrx_word' id='word_1_330' title='bbox 726 1885 764 1909; x_wconf 81' lang='lat' dir='ltr'><strong>Cf.</strong></span> <span class='ocrx_word' id='word_1_331' title='bbox 776 1885 844 1909; x_wconf 78' lang='lat' dir='ltr'><strong>infra</strong></span> <span class='ocrx_word' id='word_1_332' title='bbox 856 1890 884 1908; x_wconf 82' lang='lat'><strong>11⁰</strong></span> <span class='ocrx_word' id='word_1_333' title='bbox 895 1887 948 1909; x_wconf 78' lang='lat'><strong>704.</strong></span> <span class='ocrx_word' id='word_1_334' title='bbox 960 1900 991 1903; x_wconf 98' lang='lat'><strong>—</strong></span> <span class='ocrx_word' id='word_1_335' title='bbox 1000 1887 1024 1910; x_wconf 76' lang='lat'><strong>4.</strong></span> <span class='ocrx_word' id='word_1_336' title='bbox 1035 1886 1064 1909; x_wconf 90' lang='lat' dir='ltr'><strong>V.</strong></span> <span class='ocrx_word' id='word_1_337' title='bbox 1076 1885 1145 1909; x_wconf 77' lang='lat' dir='ltr'><strong>infra</strong></span> <span class='ocrx_word' id='word_1_338' title='bbox 1156 1891 1184 1908; x_wconf 89' lang='lat' dir='ltr'><strong>n⁰</strong></span> <span class='ocrx_word' id='word_1_339' title='bbox 1193 1888 1247 1910; x_wconf 79' lang='lat'><strong>696.</strong></span> 
     </span>
    </p>
   </div>
   <div class='ocr_carea' id='block_1_11' title="bbox 363 2047 2232 2093">
    <p class='ocr_par' dir='ltr' id='par_1_11' title="bbox 363 2047 2232 2093">
     <span class='ocr_line' id='line_1_25' title="bbox 363 2047 2232 2093; baseline 0.001 -9"><span class='ocrx_word' id='word_1_340' title='bbox 363 2047 475 2084; x_wconf 80' lang='grc'>691.</span> <span class='ocrx_word' id='word_1_341' title='bbox 499 2057 669 2082; x_wconf 81' lang='lat' dir='ltr'><strong>Franciscus</strong></span> <span class='ocrx_word' id='word_1_342' title='bbox 693 2055 860 2086; x_wconf 78' lang='lat' dir='ltr'><strong>Caraccioli,</strong></span> <span class='ocrx_word' id='word_1_343' title='bbox 881 2055 1074 2082; x_wconf 78' lang='lat' dir='ltr'><strong>cancellarius</strong></span> <span class='ocrx_word' id='word_1_344' title='bbox 1094 2057 1264 2091; x_wconf 62' lang='lat' dir='ltr'><strong>Parisiens„</strong></span> <span class='ocrx_word' id='word_1_345' title='bbox 1283 2061 1407 2083; x_wconf 83' lang='lat' dir='ltr'><strong>testatur</strong></span> <span class='ocrx_word' id='word_1_346' title='bbox 1422 2058 1450 2083; x_wconf 88' lang='lat' dir='ltr'><strong>in</strong></span> <span class='ocrx_word' id='word_1_347' title='bbox 1466 2057 1640 2093; x_wconf 81' lang='lat' dir='ltr'><strong>quibusdam</strong></span> <span class='ocrx_word' id='word_1_348' title='bbox 1660 2057 1743 2083; x_wconf 78' lang='lat' dir='ltr'><strong>libris</strong></span> <span class='ocrx_word' id='word_1_349' title='bbox 1762 2058 1920 2084; x_wconf 86' lang='lat' dir='ltr'><strong>Raimundi</strong></span> <span class='ocrx_word' id='word_1_350' title='bbox 1939 2058 2017 2084; x_wconf 81' lang='lat' dir='ltr'><strong>Lulli</strong></span> <span class='ocrx_word' id='word_1_351' title='bbox 2040 2058 2114 2085; x_wconf 77' lang='lat' dir='ltr'><strong>nihil</strong></span> <span class='ocrx_word' id='word_1_352' title='bbox 2132 2062 2232 2085; x_wconf 81' lang='lat' dir='ltr'><strong>contra</strong></span> 
     </span>
    </p>
   </div>
   <div class='ocr_carea' id='block_1_12' title="bbox 453 2104 1945 2175">
    <p class='ocr_par' dir='ltr' id='par_1_12' title="bbox 453 2104 1945 2175">
     <span class='ocr_line' id='line_1_26' title="bbox 453 2104 1361 2142; baseline 0.001 -11"><span class='ocrx_word' id='word_1_353' title='bbox 453 2105 538 2131; x_wconf 80' lang='lat' dir='ltr'><strong>bonos</strong></span> <span class='ocrx_word' id='word_1_354' title='bbox 554 2114 645 2131; x_wconf 83' lang='lat' dir='ltr'><strong>mores</strong></span> <span class='ocrx_word' id='word_1_355' title='bbox 661 2109 688 2131; x_wconf 84' lang='lat' dir='ltr'><strong>et</strong></span> <span class='ocrx_word' id='word_1_356' title='bbox 702 2113 817 2130; x_wconf 82' lang='lat' dir='ltr'><strong>sacram</strong></span> <span class='ocrx_word' id='word_1_357' title='bbox 832 2104 992 2131; x_wconf 84' lang='lat' dir='ltr'><strong>doctrinam</strong></span> <span class='ocrx_word' id='word_1_358' title='bbox 1008 2104 1196 2140; x_wconf 76' lang='lat' dir='ltr'><strong>theologicam</strong></span> <span class='ocrx_word' id='word_1_359' title='bbox 1211 2106 1361 2142; x_wconf 79' lang='lat' dir='ltr'><strong>reperisse.</strong></span> 
     </span>
     <span class='ocr_line' id='line_1_27' title="bbox 1535 2142 1945 2175; baseline 0.002 -7"><span class='ocrx_word' id='word_1_360' title='bbox 1535 2143 1601 2172; x_wconf 81' lang='lat'><strong><em>1811,</em></strong></span> <span class='ocrx_word' id='word_1_361' title='bbox 1618 2142 1776 2175; x_wconf 72' lang='lat' dir='ltr'><strong>Septembris</strong></span> <span class='ocrx_word' id='word_1_362' title='bbox 1792 2144 1816 2172; x_wconf 82' lang='lat'><strong>9,</strong></span> <span class='ocrx_word' id='word_1_363' title='bbox 1833 2143 1945 2169; x_wconf 73' lang='lat' dir='ltr'><strong>Parisiis.</strong></span> 
     </span>
    </p>
   </div>
   <div class='ocr_carea' id='block_1_13' title="bbox 358 2214 2233 2861">
    <p class='ocr_par' dir='ltr' id='par_1_13' title="bbox 358 2214 2233 2861">
     <span class='ocr_line' id='line_1_28' title="bbox 452 2214 2230 2262; baseline 0.002 -15"><span class='ocrx_word' id='word_1_364' title='bbox 452 2215 643 2248; x_wconf 89' lang='lat' dir='ltr'><strong>Universis</strong></span> <span class='ocrx_word' id='word_1_365' title='bbox 664 2221 854 2260; x_wconf 84' lang='lat' dir='ltr'><strong>presentes</strong></span> <span class='ocrx_word' id='word_1_366' title='bbox 874 2214 998 2248; x_wconf 86' lang='lat' dir='ltr'><strong>literas</strong></span> <span class='ocrx_word' id='word_1_367' title='bbox 1018 2215 1240 2260; x_wconf 90' lang='lat' dir='ltr'><strong>inspecturis</strong></span> <span class='ocrx_word' id='word_1_368' title='bbox 1261 2216 1476 2250; x_wconf 86' lang='lat' dir='ltr'><strong>Franciscus</strong></span> <span class='ocrx_word' id='word_1_369' title='bbox 1497 2217 1542 2250; x_wconf 92' lang='lat' dir='ltr'><strong>de</strong></span> <span class='ocrx_word' id='word_1_370' title='bbox 1562 2217 1725 2262; x_wconf 80' lang='lat' dir='ltr'><strong>Neapoli,</strong></span> <span class='ocrx_word' id='word_1_371' title='bbox 1743 2217 1983 2250; x_wconf 85' lang='lat' dir='ltr'><strong>cancellarius</strong></span> <span class='ocrx_word' id='word_1_372' title='bbox 1999 2218 2230 2259; x_wconf 82' lang='lat' dir='ltr'><strong>Parisiensis,</strong></span> 
     </span>
     <span class='ocr_line' id='line_1_29' title="bbox 363 2281 2231 2328; baseline 0.001 -13"><span class='ocrx_word' id='word_1_373' title='bbox 363 2282 527 2315; x_wconf 86' lang='lat' dir='ltr'><strong>salutem.</strong></span> <span class='ocrx_word' id='word_1_374' title='bbox 550 2282 632 2315; x_wconf 91' lang='lat' dir='ltr'><strong>Vite</strong></span> <span class='ocrx_word' id='word_1_375' title='bbox 652 2281 761 2326; x_wconf 88' lang='lat' dir='ltr'><strong>hujus</strong></span> <span class='ocrx_word' id='word_1_376' title='bbox 782 2281 1008 2314; x_wconf 87' lang='lat' dir='ltr'><strong>meritorium</strong></span> <span class='ocrx_word' id='word_1_377' title='bbox 1030 2282 1219 2315; x_wconf 84' lang='lat' dir='ltr'><strong>transitum</strong></span> <span class='ocrx_word' id='word_1_378' title='bbox 1241 2289 1276 2315; x_wconf 88' lang='lat' dir='ltr'><strong>et</strong></span> <span class='ocrx_word' id='word_1_379' title='bbox 1296 2283 1430 2316; x_wconf 89' lang='lat' dir='ltr'><strong>exitum</strong></span> <span class='ocrx_word' id='word_1_380' title='bbox 1455 2283 1697 2324; x_wconf 76' lang='lat' dir='ltr'><strong>attendentes,</strong></span> <span class='ocrx_word' id='word_1_381' title='bbox 1719 2284 1781 2328; x_wconf 93' lang='lat' dir='ltr'><strong>qui</strong></span> <span class='ocrx_word' id='word_1_382' title='bbox 1806 2284 2010 2317; x_wconf 84' lang='lat' dir='ltr'><strong>instruente</strong></span> <span class='ocrx_word' id='word_1_383' title='bbox 2035 2284 2231 2318; x_wconf 91' lang='lat' dir='ltr'><strong>Ambrosio</strong></span> 
     </span>
     <span class='ocr_line' id='line_1_30' title="bbox 363 2347 2232 2396; baseline 0.001 -14"><span class='ocrx_word' id='word_1_384' title='bbox 363 2348 464 2394; x_wconf 89' lang='lat' dir='ltr'><strong>operi</strong></span> <span class='ocrx_word' id='word_1_385' title='bbox 496 2348 700 2392; x_wconf 88' lang='lat' dir='ltr'><strong>cuicunque</strong></span> <span class='ocrx_word' id='word_1_386' title='bbox 731 2347 874 2380; x_wconf 89' lang='lat' dir='ltr'><strong>titulum</strong></span> <span class='ocrx_word' id='word_1_387' title='bbox 901 2354 937 2380; x_wconf 92' lang='lat' dir='ltr'><strong>et</strong></span> <span class='ocrx_word' id='word_1_388' title='bbox 960 2359 1093 2380; x_wconf 88' lang='lat' dir='ltr'><strong>nomen</strong></span> <span class='ocrx_word' id='word_1_389' title='bbox 1119 2348 1273 2393; x_wconf 86' lang='lat' dir='ltr'><strong>imponit</strong></span> <span class='ocrx_word' id='word_1_390' title='bbox 1297 2349 1493 2391; x_wconf 81' lang='lat' dir='ltr'><strong>universis,</strong></span> <span class='ocrx_word' id='word_1_391' title='bbox 1520 2350 1564 2383; x_wconf 91' lang='lat' dir='ltr'><strong>de</strong></span> <span class='ocrx_word' id='word_1_392' title='bbox 1594 2350 1748 2383; x_wconf 89' lang='lat' dir='ltr'><strong>illustris</strong></span> <span class='ocrx_word' id='word_1_393' title='bbox 1774 2350 1873 2396; x_wconf 86' lang='lat' dir='ltr'><strong>regis</strong></span> <span class='ocrx_word' id='word_1_394' title='bbox 1906 2351 2054 2383; x_wconf 84' lang='lat' dir='ltr'><strong>Francie</strong></span> <span class='ocrx_word' id='word_1_395' title='bbox 2082 2350 2232 2396; x_wconf 89' lang='lat' dir='ltr'><strong>speciali</strong></span> 
     </span>
     <span class='ocr_line' id='line_1_31' title="bbox 363 2414 2230 2462; baseline 0.002 -16"><span class='ocrx_word' id='word_1_396' title='bbox 363 2415 543 2456; x_wconf 78' lang='lat' dir='ltr'><strong>mandato⁷</strong></span> <span class='ocrx_word' id='word_1_397' title='bbox 575 2421 610 2447; x_wconf 84' lang='lat' dir='ltr'><strong>et</strong></span> <span class='ocrx_word' id='word_1_398' title='bbox 643 2420 815 2459; x_wconf 90' lang='lat' dir='ltr'><strong>quantum</strong></span> <span class='ocrx_word' id='word_1_399' title='bbox 853 2414 1130 2459; x_wconf 84' lang='lat' dir='ltr'><strong>occupationum</strong></span> <span class='ocrx_word' id='word_1_400' title='bbox 1162 2415 1366 2460; x_wconf 83' lang='lat' dir='ltr'><strong>frequentia</strong></span> <span class='ocrx_word' id='word_1_401' title='bbox 1400 2416 1544 2461; x_wconf 67' lang='lat' dir='ltr'><strong>patitur,</strong></span> <span class='ocrx_word' id='word_1_402' title='bbox 1577 2416 1774 2462; x_wconf 84' lang='lat' dir='ltr'><strong>diligenter</strong></span> <span class='ocrx_word' id='word_1_403' title='bbox 1802 2417 1978 2462; x_wconf 89' lang='lat' dir='ltr'><strong>inspectis</strong></span> <span class='ocrx_word' id='word_1_404' title='bbox 2013 2416 2230 2462; x_wconf 83' lang='lat' dir='ltr'><strong>quibusdam</strong></span> 
     </span>
     <span class='ocr_line' id='line_1_32' title="bbox 358 2480 2232 2528; baseline 0.001 -13"><span class='ocrx_word' id='word_1_405' title='bbox 358 2481 548 2528; x_wconf 73' lang='lat' dir='ltr'><strong>operibus,</strong></span> <span class='ocrx_word' id='word_1_406' title='bbox 572 2492 641 2526; x_wconf 87' lang='lat' dir='ltr'><strong>que</strong></span> <span class='ocrx_word' id='word_1_407' title='bbox 662 2480 836 2525; x_wconf 84' lang='lat' dir='ltr'><strong>magister</strong></span> <span class='ocrx_word' id='word_1_408' title='bbox 856 2481 1090 2525; x_wconf 81' lang='lat' dir='ltr'><strong>Raymundus</strong></span> <span class='ocrx_word' id='word_1_409' title='bbox 1111 2481 1251 2514; x_wconf 86' lang='lat' dir='ltr'><strong>Lullius</strong></span> <span class='ocrx_word' id='word_1_410' title='bbox 1272 2482 1434 2516; x_wconf 88' lang='lat' dir='ltr'><strong>edidisse</strong></span> <span class='ocrx_word' id='word_1_411' title='bbox 1455 2494 1494 2516; x_wconf 91' lang='lat' dir='ltr'><strong>se</strong></span> <span class='ocrx_word' id='word_1_412' title='bbox 1516 2483 1614 2521; x_wconf 68' lang='lat' dir='ltr'><strong>dicit,</strong></span> <span class='ocrx_word' id='word_1_413' title='bbox 1638 2490 1824 2524; x_wconf 75' lang='lat' dir='ltr'><strong>testamur,</strong></span> <span class='ocrx_word' id='word_1_414' title='bbox 1847 2483 1937 2516; x_wconf 90' lang='lat' dir='ltr'><strong>nihil</strong></span> <span class='ocrx_word' id='word_1_415' title='bbox 1957 2495 2024 2517; x_wconf 91' lang='lat' dir='ltr'><strong>nos</strong></span> <span class='ocrx_word' id='word_1_416' title='bbox 2045 2484 2232 2518; x_wconf 88' lang='lat' dir='ltr'><strong>invenisse</strong></span> 
     </span>
     <span class='ocr_line' id='line_1_33' title="bbox 362 2546 2232 2595; baseline 0.002 -15"><span class='ocrx_word' id='word_1_417' title='bbox 362 2549 399 2581; x_wconf 91' lang='lat' dir='ltr'><strong>in</strong></span> <span class='ocrx_word' id='word_1_418' title='bbox 419 2548 505 2589; x_wconf 72' lang='lat' dir='ltr'><strong>illis7</strong></span> <span class='ocrx_word' id='word_1_419' title='bbox 528 2547 625 2592; x_wconf 89' lang='lat' dir='ltr'><strong>quod</strong></span> <span class='ocrx_word' id='word_1_420' title='bbox 645 2546 752 2579; x_wconf 87' lang='lat' dir='ltr'><strong>bonis</strong></span> <span class='ocrx_word' id='word_1_421' title='bbox 774 2546 938 2580; x_wconf 87' lang='lat' dir='ltr'><strong>moribus</strong></span> <span class='ocrx_word' id='word_1_422' title='bbox 959 2546 1093 2589; x_wconf 74' lang='lat' dir='ltr'><strong>obviet⁷</strong></span> <span class='ocrx_word' id='word_1_423' title='bbox 1112 2554 1147 2580; x_wconf 89' lang='lat' dir='ltr'><strong>et</strong></span> <span class='ocrx_word' id='word_1_424' title='bbox 1167 2559 1267 2581; x_wconf 85' lang='lat' dir='ltr'><strong>sacre</strong></span> <span class='ocrx_word' id='word_1_425' title='bbox 1289 2548 1453 2582; x_wconf 88' lang='lat' dir='ltr'><strong>doctrine</strong></span> <span class='ocrx_word' id='word_1_426' title='bbox 1475 2549 1681 2595; x_wconf 86' lang='lat' dir='ltr'><strong>theologice</strong></span> <span class='ocrx_word' id='word_1_427' title='bbox 1703 2550 1749 2583; x_wconf 89' lang='lat' dir='ltr'><strong>sit</strong></span> <span class='ocrx_word' id='word_1_428' title='bbox 1769 2550 1974 2583; x_wconf 89' lang='lat' dir='ltr'><strong>adversum.</strong></span> <span class='ocrx_word' id='word_1_429' title='bbox 1993 2550 2089 2593; x_wconf 85' lang='lat' dir='ltr'><strong>Quin</strong></span> <span class='ocrx_word' id='word_1_430' title='bbox 2110 2550 2232 2595; x_wconf 89' lang='lat' dir='ltr'><strong>potius</strong></span> 
     </span>
     <span class='ocr_line' id='line_1_34' title="bbox 361 2613 2233 2661; baseline 0.002 -15"><span class='ocrx_word' id='word_1_431' title='bbox 361 2615 398 2647; x_wconf 90' lang='lat' dir='ltr'><strong>in</strong></span> <span class='ocrx_word' id='word_1_432' title='bbox 426 2614 603 2646; x_wconf 86' lang='lat' dir='ltr'><strong>dictorum</strong></span> <span class='ocrx_word' id='word_1_433' title='bbox 633 2613 727 2646; x_wconf 88' lang='lat' dir='ltr'><strong>serie</strong></span> <span class='ocrx_word' id='word_1_434' title='bbox 756 2619 789 2646; x_wconf 94' lang='lat' dir='ltr'><strong>et</strong></span> <span class='ocrx_word' id='word_1_435' title='bbox 818 2620 943 2646; x_wconf 80' lang='lat' dir='ltr'><strong>tenore</strong></span> <span class='ocrx_word' id='word_1_436' title='bbox 971 2625 1036 2658; x_wconf 91' lang='lat' dir='ltr'><strong>pro</strong></span> <span class='ocrx_word' id='word_1_437' title='bbox 1066 2613 1214 2647; x_wconf 90' lang='lat' dir='ltr'><strong>humani</strong></span> <span class='ocrx_word' id='word_1_438' title='bbox 1242 2615 1436 2660; x_wconf 83' lang='lat' dir='ltr'><strong>fragilitate</strong></span> <span class='ocrx_word' id='word_1_439' title='bbox 1462 2616 1593 2661; x_wconf 86' lang='lat' dir='ltr'><strong>judicii</strong></span> <span class='ocrx_word' id='word_1_440' title='bbox 1621 2616 1816 2650; x_wconf 86' lang='lat' dir='ltr'><strong>scribentis</strong></span> <span class='ocrx_word' id='word_1_441' title='bbox 1844 2616 1960 2650; x_wconf 91' lang='lat' dir='ltr'><strong>zelum</strong></span> <span class='ocrx_word' id='word_1_442' title='bbox 1987 2616 2167 2650; x_wconf 90' lang='lat' dir='ltr'><strong>fervidum</strong></span> <span class='ocrx_word' id='word_1_443' title='bbox 2197 2623 2233 2650; x_wconf 84' lang='lat' dir='ltr'><strong>et</strong></span> 
     </span>
     <span class='ocr_line' id='line_1_35' title="bbox 362 2679 2232 2728; baseline 0.002 -15"><span class='ocrx_word' id='word_1_444' title='bbox 362 2680 575 2713; x_wconf 85' lang='lat' dir='ltr'><strong>intentionis</strong></span> <span class='ocrx_word' id='word_1_445' title='bbox 604 2679 855 2712; x_wconf 83' lang='lat' dir='ltr'><strong>rectitudinem</strong></span> <span class='ocrx_word' id='word_1_446' title='bbox 884 2691 949 2724; x_wconf 88' lang='lat' dir='ltr'><strong>pro</strong></span> <span class='ocrx_word' id='word_1_447' title='bbox 978 2680 1062 2713; x_wconf 86' lang='lat' dir='ltr'><strong>fidei</strong></span> <span class='ocrx_word' id='word_1_448' title='bbox 1090 2680 1286 2714; x_wconf 87' lang='lat' dir='ltr'><strong>christiane</strong></span> <span class='ocrx_word' id='word_1_449' title='bbox 1314 2682 1542 2727; x_wconf 88' lang='lat' dir='ltr'><strong>promotione</strong></span> <span class='ocrx_word' id='word_1_450' title='bbox 1570 2689 1751 2725; x_wconf 82' lang='lat' dir='ltr'><strong>notantes,</strong></span> <span class='ocrx_word' id='word_1_451' title='bbox 1778 2683 1896 2728; x_wconf 89' lang='lat' dir='ltr'><strong>ipsum</strong></span> <span class='ocrx_word' id='word_1_452' title='bbox 1923 2683 1985 2728; x_wconf 90' lang='lat' dir='ltr'><strong>qui</strong></span> <span class='ocrx_word' id='word_1_453' title='bbox 2008 2683 2046 2715; x_wconf 92' lang='lat' dir='ltr'><strong>in</strong></span> <span class='ocrx_word' id='word_1_454' title='bbox 2066 2682 2232 2715; x_wconf 81' lang='lat' dir='ltr'><strong>taberna—</strong></span> 
     </span>
     <span class='ocr_line' id='line_1_36' title="bbox 362 2746 2229 2794; baseline 0.001 -15"><span class='ocrx_word' id='word_1_455' title='bbox 362 2746 443 2779; x_wconf 87' lang='lat' dir='ltr'><strong>culo</strong></span> <span class='ocrx_word' id='word_1_456' title='bbox 475 2746 619 2778; x_wconf 87' lang='lat' dir='ltr'><strong>Domini</strong></span> <span class='ocrx_word' id='word_1_457' title='bbox 648 2757 721 2777; x_wconf 91' lang='lat' dir='ltr'><strong>nou</strong></span> <span class='ocrx_word' id='word_1_458' title='bbox 751 2751 939 2790; x_wconf 84' lang='lat' dir='ltr'><strong>argentum</strong></span> <span class='ocrx_word' id='word_1_459' title='bbox 968 2752 1003 2778; x_wconf 87' lang='lat' dir='ltr'><strong>et</strong></span> <span class='ocrx_word' id='word_1_460' title='bbox 1031 2758 1171 2788; x_wconf 75' lang='lat' dir='ltr'><strong>aurum,</strong></span> <span class='ocrx_word' id='word_1_461' title='bbox 1205 2747 1270 2780; x_wconf 90' lang='lat' dir='ltr'><strong>sed</strong></span> <span class='ocrx_word' id='word_1_462' title='bbox 1300 2760 1380 2780; x_wconf 89' lang='lat' dir='ltr'><strong>cum</strong></span> <span class='ocrx_word' id='word_1_463' title='bbox 1415 2749 1654 2782; x_wconf 86' lang='lat' dir='ltr'><strong>offerentibus</strong></span> <span class='ocrx_word' id='word_1_464' title='bbox 1687 2760 1875 2794; x_wconf 83' lang='lat' dir='ltr'><strong>caprarum</strong></span> <span class='ocrx_word' id='word_1_465' title='bbox 1908 2748 2003 2794; x_wconf 90' lang='lat' dir='ltr'><strong>pilos</strong></span> <span class='ocrx_word' id='word_1_466' title='bbox 2033 2755 2068 2781; x_wconf 87' lang='lat' dir='ltr'><strong>et</strong></span> <span class='ocrx_word' id='word_1_467' title='bbox 2100 2748 2229 2794; x_wconf 79' lang='lat' dir='ltr'><strong>pelles,</strong></span> 
     </span>
     <span class='ocr_line' id='line_1_37' title="bbox 364 2811 2231 2861; baseline 0.001 -16"><span class='ocrx_word' id='word_1_468' title='bbox 364 2825 500 2846; x_wconf 89' lang='lat' dir='ltr'><strong>morem</strong></span> <span class='ocrx_word' id='word_1_469' title='bbox 536 2818 682 2845; x_wconf 89' lang='lat' dir='ltr'><strong>secutus</strong></span> <span class='ocrx_word' id='word_1_470' title='bbox 717 2811 941 2856; x_wconf 74' lang='lat' dir='ltr'><strong>Hieronymi,</strong></span> <span class='ocrx_word' id='word_1_471' title='bbox 976 2813 1073 2857; x_wconf 92' lang='lat' dir='ltr'><strong>quod</strong></span> <span class='ocrx_word' id='word_1_472' title='bbox 1108 2814 1225 2858; x_wconf 87' lang='lat' dir='ltr'><strong>potuit</strong></span> <span class='ocrx_word' id='word_1_473' title='bbox 1259 2814 1389 2848; x_wconf 85' lang='lat' dir='ltr'><strong>offerre</strong></span> <span class='ocrx_word' id='word_1_474' title='bbox 1425 2816 1574 2857; x_wconf 83' lang='lat' dir='ltr'><strong>curavit,</strong></span> <span class='ocrx_word' id='word_1_475' title='bbox 1606 2816 1758 2861; x_wconf 89' lang='lat' dir='ltr'><strong>cupiens</strong></span> <span class='ocrx_word' id='word_1_476' title='bbox 1793 2815 1906 2848; x_wconf 83' lang='lat' dir='ltr'><strong>instar</strong></span> <span class='ocrx_word' id='word_1_477' title='bbox 1939 2814 2159 2860; x_wconf 88' lang='lat' dir='ltr'><strong>paupercule</strong></span> <span class='ocrx_word' id='word_1_478' title='bbox 2193 2814 2231 2847; x_wconf 93' lang='lat' dir='ltr'><strong>in</strong></span> 
     </span>
    </p>
   </div>
   <div class='ocr_carea' id='block_1_14' title="bbox 364 2877 2229 2926">
    <p class='ocr_par' dir='ltr' id='par_1_14' title="bbox 364 2877 2229 2926">
     <span class='ocr_line' id='line_1_38' title="bbox 364 2877 2229 2926; baseline 0.001 -13"><span class='ocrx_word' id='word_1_479' title='bbox 364 2892 505 2913; x_wconf 84' lang='lat' dir='ltr'><strong>sacrum</strong></span> <span class='ocrx_word' id='word_1_480' title='bbox 526 2878 817 2924; x_wconf 77' lang='lat' dir='ltr'><strong>gazophylacium</strong></span> <span class='ocrx_word' id='word_1_481' title='bbox 840 2877 976 2923; x_wconf 83' lang='lat' dir='ltr'><strong>aliquid</strong></span> <span class='ocrx_word' id='word_1_482' title='bbox 998 2879 1139 2912; x_wconf 80' lang='lat' dir='ltr'><strong>mittere</strong></span> <span class='ocrx_word' id='word_1_483' title='bbox 1160 2880 1204 2913; x_wconf 92' lang='lat' dir='ltr'><strong>de</strong></span> <span class='ocrx_word' id='word_1_484' title='bbox 1231 2892 1295 2914; x_wconf 88' lang='lat' dir='ltr'><strong>sue</strong></span> <span class='ocrx_word' id='word_1_485' title='bbox 1317 2881 1519 2915; x_wconf 82' lang='lat' dir='ltr'><strong>substantie</strong></span> <span class='ocrx_word' id='word_1_486' title='bbox 1541 2882 1715 2924; x_wconf 81' lang='lat' dir='ltr'><strong>nuditate,</strong></span> <span class='ocrx_word' id='word_1_487' title='bbox 1738 2881 1950 2915; x_wconf 90' lang='lat' dir='ltr'><strong>discretioni</strong></span> <span class='ocrx_word' id='word_1_488' title='bbox 1968 2887 2102 2923; x_wconf 80' lang='lat' dir='ltr'><strong>vestre,</strong></span> <span class='ocrx_word' id='word_1_489' title='bbox 2125 2878 2229 2926; x_wconf 79' lang='lat' dir='ltr'><strong>quam</strong></span> 
     </span>
    </p>
   </div>
  </div>
 </body>
</html>
