2534 3444
1026 357 1316 380 INTRODUCTIO.
2051 359 2097 380 vn

241 438 382 486 quando
402 449 468 472 nec
484 437 731 484 magistrorum
750 447 814 471 nec
834 434 1056 470 audientium
1075 433 1176 480 copia
1199 433 1339 468 Parisiis
1360 432 1478 467 aderat
1497 432 1574 476 (vid.
1594 445 1627 479 p.
1649 435 1733 475 690,
1755 437 1792 468 11⁰
1813 437 1882 477 16),
1900 433 2033 480 legere,
2053 434 2101 469 ita

241 514 279 545 ut
297 509 385 544 tales
401 507 597 543 baccalarei
615 511 692 554 post
707 507 801 542 hanc
817 505 955 541 brevem
974 505 1142 540 lecturam
1161 504 1307 551 formati
1321 507 1354 538 et
1363 503 1512 551 perfecti
1527 503 1848 539 existimarentu1·⁴.

340 581 414 615 Hoc
426 580 500 626 Jam
517 582 679 625 tempore
695 580 879 624 praeterea
899 575 1114 623 quandoque
1141 574 1329 621 pecuniam
1346 574 1528 621 adjuvasse
1553 574 1687 609 tirones
1713 575 1757 609 ad
1780 573 1958 609 licentiam
1981 586 2000 609 a
2023 586 2100 610 can--

240 650 384 686 cellario
398 650 509 685 Paris.
529 649 774 692 obtinendam,
793 647 961 695 colligere
984 657 1172 693 possumus
1195 658 1213 681 e
1236 652 1272 680 n⁰
1292 648 1397 688 1185,
1420 646 1512 692 (24),
1530 649 1604 680 not.
1623 646 1657 680 3.

339 721 441 769 Pejus
455 721 562 756 etiam
580 720 643 755 fuit
658 719 753 766 quod
771 718 961 766 pontifices
982 718 1221 764 permiserunt
1239 717 1429 763 plerosque
1444 716 1628 751 licentiam
1652 717 1811 763 accipere
1832 720 1928 752 extra
1952 716 2103 751 Parisios

240 793 275 828 in
293 792 490 828 civitatibus
506 790 635 838 quibus
652 790 810 825 studium
825 789 992 836 generale
1014 800 1225 824 concessum
1244 787 1402 823 exstabat
1429 788 1587 834 quidem,
1610 788 1668 823 sed
1694 788 1853 823 nondum
1885 787 2103 834 theologicas

241 863 426 899 cathedras
442 862 656 909 possederat.
678 861 752 896 Tali
764 860 864 896 venia
874 860 1076 895 licentiatus
1092 860 1125 894 in
1140 859 1318 905 theologia
1328 859 1410 906 jura
1423 858 1543 894 omnia
1557 858 1706 894 habehat
1720 859 1900 894 licentiato
1914 858 2103 894 Parisiensi

241 934 384 970 tributa.
411 935 468 969 Sic
493 933 575 968 data
603 938 657 967 est
683 931 897 979 quibusdam
925 930 1071 966 licentia
1093 930 1254 970 Tolosae,
1279 929 1607 976 Montispessulani,
1639 930 1855 973 Aurelianis,
1891 929 2100 976 Andegavis,

242 1005 434 1047 Bononiae,
450 1004 601 1048 Paduae,
613 1009 691 1047 eta,
705 1003 802 1050 quod
817 1002 969 1050 probant
984 1001 1098 1037 multa
1113 1002 1328 1037 documenta
1345 1001 1379 1036 in
1393 1001 1459 1036 hoc
1475 1001 1653 1036 volumine
1665 1000 1870 1048 congesta²;
1889 1000 2105 1047 quandoque

241 1076 347 1111 etiam
385 1075 420 1110 in
461 1074 689 1122 generalibus
733 1074 910 1109 variorum
945 1073 1117 1108 Ordinum
1156 1072 1328 1119 Capitulis
1364 1073 1416 1114 (n⁰
1451 1073 1557 1115 1166,
1583 1072 1693 1118 not.)‚
1727 1071 1786 1107 ubi
1822 1083 1965 1119 semper
1997 1071 2106 1118 aliqui

242 1147 397 1194 magistri
411 1146 447 1181 in
460 1146 639 1192 theologia
653 1144 831 1181 aderant5.
852 1144 1008 1180 Audacia
1020 1143 1290 1179 candidatorum
1308 1155 1350 1178 eo
1371 1143 1556 1190 processit,
1575 1146 1613 1178 ut
1628 1155 1664 1178 se
1679 1142 1876 1190 promoveri
1892 1145 2055 1190 peterent
2070 1142 2106 1177 in

243 1217 439 1254 civitatibus
454 1217 516 1253 ubi
531 1217 668 1252 nullum
684 1220 760 1252 erat
776 1215 931 1251 studium
949 1214 1131 1262 generale,
1150 1225 1259 1261 quare
1277 1214 1382 1249 Curia
1398 1216 1555 1250 Romana
1580 1214 1799 1250 exclamabat
1815 1226 1822 1249 ε
1841 1215 1914 1249 Cur
1938 1225 2007 1249 non
2036 1229 2052 1245 «
2071 1213 2106 1248 in

243 1289 382 1325 stabulo
395 1300 584 1336 porcorum
597 1291 613 1323 5?
625 1304 639 1320 »
660 1287 712 1334 (11⁰
727 1290 846 1330 1085),
865 1290 899 1322 et
912 1286 955 1322 ad
973 1286 1007 1321 id
1024 1285 1263 1332 indulgentiae
1282 1284 1315 1319 in
1330 1285 1435 1320 Curia
1448 1287 1605 1320 Romana
1618 1289 1761 1320 ventum
1770 1289 1835 1329 est,
1854 1285 1970 1332 utipsi
1983 1284 2103 1320 bacca-

243 1360 330 1396 larei
346 1360 551 1407 magistrum
570 1359 634 1394 sub
651 1370 720 1405 quo
736 1357 1002 1393 licentiarentur
1017 1361 1158 1403 possent
1176 1355 1341 1402 eligere⁴.
1360 1356 1587 1391 —Clemens
1601 1356 1777 1402 Vprimus
1793 1356 1826 1390 in
1841 1356 1944 1391 istam
1961 1355 2112 1391 facilita-

243 1436 313 1468 tem
333 1432 514 1478 ingressus
535 1435 586 1466 est
603 1429 683 1473 (vid.
703 1436 751 1464 n⁰s
771 1432 854 1473 674,
873 1428 974 1474 706),
994 1439 1099 1474 quam
1120 1427 1301 1462 Johannes
1321 1428 1415 1461 XXll
1436 1427 1564 1470 libens,
1581 1426 1727 1462 liberior
1746 1429 1852 1462 etiam
1871 1427 2034 1462 Clemens
2050 1428 2094 1463 Vl

243 1501 417 1544 exhibuit,
437 1513 503 1536 nec
520 1502 650 1548 posteri
669 1511 778 1547 papae
792 1499 1012 1546 abjecerunt.
1031 1498 1130 1533 Tales
1153 1497 1388 1543 indulgentias
1405 1510 1521 1544 neque
1538 1497 1761 1533 Universitati
1777 1498 1980 1540 Parisiensi,
1994 1509 2109 1544 neque

244 1574 310 1621 ipsi
338 1573 509 1608 scientiae
534 1572 712 1619 profuisse
737 1572 818 1606 satis
840 1575 950 1618 patet.
978 1570 1107 1605 Malum
1134 1580 1211 1604 sero
1235 1569 1375 1616 agnovit
1403 1569 1586 1604 Johannes
1609 1570 1708 1604 XXII
1734 1580 1841 1604 senex
1863 1580 1945 1604 cum
1974 1572 2110 1615 putaret

246 1644 375 1679 multas
394 1643 612 1679 indecentias
627 1643 709 1678 inde
729 1646 843 1685 natas,
865 1642 1040 1688 velletque
1065 1641 1099 1675 in
1129 1645 1312 1687 posterum
1335 1657 1348 1671 «
1365 1652 1383 1675 a
1397 1640 1629 1675 concessione
1643 1640 1840 1675 litterarum
1857 1640 1981 1675 talium
2000 1639 2112 1674 absti-

245 1727 358 1750 nere»
387 1714 471 1762 (vid.
491 1720 552 1749 n¹¹¹¹¹
574 1715 677 1760 965).
701 1714 852 1748 Maxima
868 1717 942 1748 erat
956 1712 1138 1747 calamitas
1159 1711 1253 1757 quod
1272 1710 1455 1753 imbecilli,
1479 1711 1538 1757 qni
1558 1722 1682 1746 omnes
1700 1711 1845 1757 quidem
1867 1711 2007 1745 Parisiis
2027 1710 2110 1745 olim

246 1786 466 1829 studuerant,
484 1785 546 1820 sed
559 1788 668 1820 Actus
684 1789 719 1820 et
736 1785 908 1820 Examina
921 1783 1132 1818 Parisiensia
1146 1782 1440 1825 reformidabant,
1456 1782 1603 1817 inventis
1618 1782 1788 1829 patronis,
1805 1781 1938 1818 fiebant
1954 1782 2112 1829 magistri

245 1858 282 1893 in
302 1857 371 1893 alia
386 1856 540 1900 civitate,
556 1868 636 1891 cum
664 1856 803 1891 Parisiis
824 1867 844 1891 a
861 1855 969 1902 gradu
989 1854 1122 1901 repulsi
1141 1854 1266 1889 merito
1283 1853 1442 1888 fuissent.
1463 1853 1604 1888 Parisiis
1622 1865 1776 1900 quoqne,
1797 1853 1914 1888 multis
1930 1853 2111 1888 licentiam

245 1940 287 1964 ex
307 1928 418 1976 gratia
433 1928 582 1975 adeptis,
600 1939 726 1974 pai-nm
754 1926 904 1962 scientia
924 1925 1147 1973 proficiebat.
1175 1927 1295 1967 Actus,
1322 1924 1590 1971 disputationeS,
1614 1925 1808 1959 tentamina
1833 1928 1970 1959 curtare
1996 1925 2110 1960 conati

247 2003 343 2043 sunt,
367 2005 474 2046 atque
502 1999 676 2034 candidati
704 2011 773 2034 non
794 2009 873 2033 eam
899 1997 1109 2039 sollertiam,
1132 1996 1308 2043 peritiam,
1328 1995 1543 2030 soliditatem
1566 1995 1781 2038 habuerunt,
1812 2007 1882 2041 qua
1906 1995 2111 2030 eminebant

249 2071 270 2106 ii
286 2071 360 2117 qui,
376 2074 414 2105 ut
428 2070 680 2117 loquebantur,
702 2070 856 2117 rigorose
872 2067 1064 2104 licentiati-²⁵
1086 2068 1239 2102 fuerant.

345 2143 496 2188 Insuper
510 2141 568 2176 his
585 2142 659 2188 jam
681 2152 759 2176 mos
780 2140 977 2176 invaluerat
998 2143 1035 2174 ut
1055 2138 1300 2186 magisterium
1322 2138 1358 2172 in
1383 2137 1564 2184 theologia
1584 2137 1691 2172 veluti
1712 2138 1748 2172 in
1765 2137 1900 2184 legibus
1915 2141 1948 2173 et
1964 2138 2113 2173 decretis

248 2212 347 2259 quasi
364 2212 418 2248 via
439 2212 482 2248 ad
498 2212 683 2259 dignitates
704 2212 892 2247 altissimas
914 2211 967 2246 vel
987 2210 1132 2258 pinguia
1155 2209 1329 2245 beneficia
1352 2208 1595 2244 ecclesiastica
1617 2208 1878 2251 aestimaretur;
1902 2208 2114 2243 Universitas

248 2284 326 2330 ipsa
341 2295 382 2319 ea
393 2295 458 2330 pro
473 2283 643 2319 membris
655 2283 726 2318 suis
735 2282 982 2330 esssagitabatss.
997 2281 1234 2329 Magisterinm
1248 2292 1309 2315 sen
1327 2280 1496 2326 rigorose,
1517 2291 1578 2314 seu
1594 2291 1636 2314 ex
1651 2279 1759 2325 gratia
1773 2280 1887 2326 adepti
1903 2279 1937 2313 in
1952 2279 2111 2314 eamdem

248 2354 481 2401 cupiditatem
498 2354 808 2402 ingrediebantur;
827 2365 942 2400 neque
958 2365 1020 2388 eos
1036 2351 1189 2400 pudebat
1205 2351 1420 2398 quandoque
1436 2362 1455 2385 a
1468 2349 1634 2397 pontifice
1652 2349 1854 2396 dignitatem
1876 2350 2111 2396 episcopalem

248 2429 282 2460 et
322 2437 566 2472 quascumque
603 2425 689 2461 alias
728 2425 914 2472 dignitates
949 2424 1149 2471 supplicare
1193 2422 1271 2465 (vid.
1314 2426 1364 2456 11⁰S
1400 2423 1505 2463 1098,
1546 2422 1667 2464 1099).
1712 2421 1971 2456 Avenionenses
2005 2432 2114 2468 papae

345 2557 366 2580 1.
383 2556 414 2580 V.
431 2557 559 2581 Iudicem
575 2565 673 2582 rerum
685 2566 693 2582 :
711 2558 833 2582 Facultas
849 2557 935 2584 theol„
956 2556 1125 2580 Vacationes.

343 2601 365 2624 2.
382 2601 414 2624 V.
429 2601 554 2625 Indicam
568 2609 634 2629 rer..
651 2602 701 2626 sub
720 2610 778 2626 voce
797 2602 916 2627 cancell.
931 2601 1023 2625 Paris.
1043 2600 1099 2623 Non
1115 2596 1387 2631 praetermittendum,
1408 2595 1490 2619 multa
1505 2595 1658 2619 documenta
1678 2595 1775 2625 deesse,
1793 2603 1933 2627 papamque
1952 2603 2025 2627 saepe
2045 2596 2114 2619 vivae

250 2645 319 2669 vocis
333 2646 436 2669 oraculo
448 2645 596 2670 laenitatem
612 2646 720 2671 dedisse.
738 2647 769 2670 V.
785 2651 834 2669 num
851 2646 919 2674 1059,
938 2646 991 2669 not.
1006 2645 1029 2673 8,
1046 2649 1096 2667 num
1113 2643 1181 2673 1107,
1200 2644 1253 2665 not.
1268 2642 1291 2670 3,
1309 2645 1357 2664 11“““
1374 2640 1441 2663 1173.

342 2690 365 2713 3.
382 2690 423 2713 Sic
440 2690 465 2713 in
480 2690 598 2722 Capitulo
615 2691 726 2722 generali
744 2690 804 2715 Ord.
819 2690 911 2714 Praed.
927 2694 954 2713 11ο
967 2689 1013 2712 830
1027 2690 1114 2712 notato
1132 2694 1221 2710 novem
1238 2685 1367 2716 magistri,
1383 2685 1408 2708 in
1424 2683 1545 2716 capituto
1558 2683 1668 2714 generali
1684 2683 1790 2707 Eremit.
1805 2685 1828 2707 S.
1843 2684 1984 2715 Augustini
1999 2684 2113 2707 Basilum„-

250 2741 292 2757 an.
311 2733 379 2762 1351,
399 2734 460 2758 Jun.
476 2735 499 2765 5,
515 2734 642 2759 celebrato
656 2735 765 2759 aderant
781 2742 868 2759 novem
887 2736 913 2758 et
927 2733 1013 2757 decem
1027 2734 1116 2762 (Com.
1137 2731 1275 2755 Matthiae
1292 2729 1496 2758 Nuewenbury.
1512 2736 1553 2759 ap.
1572 2728 1820 2754 Bfflmfflu-Hcssfflt,
1838 2729 1916 2752 Font.
1938 2735 1993 2752 rer.
2012 2728 2116 2755 Germ„

251 2777 299 2807 IV,
313 2778 377 2808 280).

344 2823 366 2846 4.
384 2822 422 2846 Cs.
435 2827 485 2846 ΠΨ
499 2823 568 2847 1107.
583 2824 611 2847 In
626 2826 713 2848 aetate
729 2823 864 2856 posteriori
879 2822 1041 2854 frequentius
1056 2821 1102 2845 hoc
1119 2819 1214 2844 evenit.

346 2867 370 2891 5.
383 2867 415 2891 V.
431 2872 460 2891 n⁰
476 2867 544 2897 1185,
559 2868 618 2898 (24).

344 2911 368 2936 6.
385 2912 417 2936 Υ.
434 2920 472 2938 ex.
487 2920 527 2944 gr.
543 2917 580 2937 110⁵
595 2913 650 2942 742,
666 2913 720 2943 743,
737 2913 792 2944 746,
807 2913 862 2943 747,
875 2912 933 2941 749,
948 2911 1003 2940 750,
1020 2910 1090 2939 1101,
1107 2911 1162 2933 not.
