2534 3444
343 355 408 388 262
921 363 1239 385 ann‘rULAmUM
1273 361 1462 384 cmvi-:ns
1499 361 1627 385 Panis.
2111 349 2211 386 [1322

344 438 477 471 auxilio
499 437 679 470 mediante
701 437 745 470 de
767 437 860 470 dicta
881 436 1088 469 infirmitate
1109 429 1217 479 [eum]
1243 441 1386 468 sanaret
1411 434 1442 467 si
1466 434 1614 468 vellent.
1646 434 1716 477 Qui
1741 435 1919 480 conjuges
1944 442 2213 469 consenserunt

343 505 380 538 in
401 504 470 537 hoc
491 516 663 549 expresse
685 510 720 536 et
740 503 772 536 ei
795 503 1043 548 promiserunt
1063 502 1270 535 satisfacere
1292 501 1563 534 convenienter.
1587 501 1630 533 Et
1651 506 1735 533 tunc
1757 501 1850 534 dicta
1870 501 2002 534 Jacoba
2021 502 2213 547 respondit

344 571 442 616 quod
470 583 543 603 non
571 570 760 615 pecuniam
788 569 944 610 volebat,
967 569 1038 602 nisi
1065 569 1185 613 ipsum
1213 573 1367 600 sanaret.
1401 568 1444 599 Et
1470 573 1554 600 tunc
1582 566 1639 599 his
1665 567 1753 600 actis
1781 567 1899 600 statim
1926 580 1991 613 per
2018 568 2211 601 duodecim

343 638 423 671 dies
454 637 588 670 dictum
618 637 777 670 visitavit
802 642 837 668 et
864 642 994 668 tantam
1024 634 1249 680 diligentiam
1280 633 1374 666 circa
1404 633 1523 678 ipsum
1553 632 1730 673 adhibuit,
1754 640 1793 667 ut
1819 641 1965 667 sanatus
1993 635 2121 676 extitit,
2145 640 2210 669 etc.

345 690 570 749 Interrogata
596 715 666 748 quo
695 709 858 747 tempore
886 709 921 735 et
948 713 1019 746 quo
1045 700 1153 734 modo
1178 700 1256 739 suit,
1285 699 1485 744 respondet
1509 699 1607 745 quod
1631 699 1768 745 incepit
1789 712 1916 733 curare
1938 701 1976 733 in
2000 701 2094 734 festo
2115 701 2212 734 Nati-

345 771 465 803 vitatis
497 769 592 802 beati
619 769 808 810 Johannis,
845 775 879 801 et
912 767 1143 813 postmodum
1178 778 1299 799 curam
1331 765 1496 799 adhibuit
1525 777 1642 811 usque
1671 766 1715 799 ad
1745 766 1824 800 dies
1853 774 2063 812 sequentes.
2095 769 2139 800 Et
2167 768 2212 800 de

345 837 453 870 modo
475 836 638 876 curandi,
662 836 746 868 dicit
778 834 874 879 quod
903 834 980 879 ipsa
1006 833 1137 866 Jacoba
1161 832 1317 866 Johanni
1344 832 1445 865 dedit
1463 832 1590 865 bibere
1611 833 1801 878 quamdam
1827 845 1953 878 aquam
1975 833 2210 867 clarissimam

345 910 381 936 et
410 903 480 936 sibi
514 903 599 935 secit
632 902 755 947 plures
790 901 998 946 implastros
1033 911 1124 945 quos
1159 899 1317 944 ponebat
1350 911 1461 946 super
1492 906 1620 944 pectus
1649 899 1780 945 ipsius,
1811 906 1847 933 et
1877 912 1951 933 non
1979 900 2071 933 vidit
2097 900 2212 945 ipsam

343 969 510 1003 Jacobam
545 980 671 1001 curare
701 968 819 1012 ipsum
850 966 1062 1000 Johannem.
1097 967 1322 1010 Interrogata
1353 965 1383 998 si
1410 965 1479 1000 hoc
1509 966 1594 999 fecit
1625 965 1693 999 sub
1726 978 1790 1012 spe
1821 965 1979 999 habendi
2009 967 2212 1011 pecuniam,

346 1037 435 1069 dixit
461 1035 557 1080 quod
579 1035 643 1075 sic,
666 1034 747 1078 quia
776 1034 820 1066 de
850 1033 919 1065 hoc
946 1033 1063 1065 eidem
1095 1032 1362 1075 satisfecerunt,
1391 1032 1481 1065 adeo
1512 1032 1610 1077 quod
1631 1033 1747 1066 tenuit
1774 1045 1813 1066 se
1839 1045 1903 1078 pro
1931 1039 2070 1078 pagata.
2099 1034 2214 1066 Inter-

345 1109 468 1147 rogata
490 1102 519 1134 si
546 1101 593 1133 sit.
617 1106 790 1133 consueta
816 1099 991 1144 praticare
1013 1099 1174 1132 Parisius
1195 1105 1230 1131 et
1254 1099 1285 1132 si
1305 1110 1381 1132 eam
1402 1099 1536 1132 viderit
1555 1099 1641 1132 alibi
1662 1106 1697 1132 et
1716 1100 1747 1133 si
1768 1100 1812 1133 ad
1828 1099 1896 1132 hoc
1916 1100 2026 1132 fuerit
2045 1111 2212 1145 presens,

345 1169 431 1201 dicit
453 1168 550 1212 quod
571 1166 682 1199 nichil
703 1167 769 1199 scit
791 1166 862 1198 nisi
884 1166 928 1198 de
950 1166 1087 1206 auditu,
1109 1171 1187 1207 etc.,
1210 1170 1274 1199 etc.

432 1236 510 1267 Yvo
531 1234 649 1266 dictus
669 1232 808 1266 Tueleu
819 1233 845 1249 ”

868 1232 1034 1265 serviens
1055 1232 1155 1265 curie
1176 1232 1407 1274 Parisiensis,
1430 1232 1535 1265 testis
1555 1232 1768 1278 productus,
1790 1238 1869 1274 eta,
1893 1233 1952 1265 die
1972 1232 2111 1266 sabathi
2133 1239 2216 1277 post

344 1302 475 1334 festum
504 1299 599 1332 beati
626 1301 721 1332 Luce
752 1299 1023 1344 evangeliste²³,
1053 1299 1253 1344 requisitus
1282 1299 1370 1344 quid
1398 1299 1499 1340 sciat,
1521 1304 1601 1340 etc.,
1629 1299 1829 1345 respondet
1854 1299 1952 1344 quod
1978 1311 2094 1344 nuper
2118 1299 2213 1331 idem

344 1369 422 1400 Yvo
444 1367 610 1399 infirmus
632 1366 759 1407 extitit,
782 1372 814 1399 et
838 1377 918 1398 eum
943 1366 1183 1399 visitaverunt
1207 1365 1331 1411 plures
1353 1366 1517 1410 magistri
1543 1366 1580 1398 in
1605 1366 1784 1399 medicina
1809 1366 1890 1411 ipso
1911 1366 2088 1398 existente
2113 1365 2215 1398 febre

344 1434 514 1466 continua
541 1440 573 1466 et
600 1432 736 1478 duplici
767 1433 949 1465 continua.
972 1432 1041 1475 Qui
1067 1433 1231 1477 magistri
1259 1444 1379 1465 curam
1408 1432 1654 1465 adhibuerunt
1680 1439 1719 1465 ut
1746 1439 1946 1465 sanaretur.
1979 1433 2023 1465 Et
2047 1444 2126 1464 cum
2149 1431 2217 1465 hoc

344 1500 485 1533 videret
510 1499 607 1544 quod
633 1499 751 1532 sanari
774 1511 847 1531 non
869 1506 1007 1544 posset,
1028 1499 1107 1544 ipse
1129 1499 1309 1532 mandavit
1330 1499 1453 1544 [quod]
1476 1499 1636 1544 predicta
1665 1498 1797 1532 Jacoba
1823 1499 2000 1540 [veniret].
2032 1499 2110 1542 Que
2135 1510 2216 1531 cum

344 1567 507 1600 venisset
532 1566 576 1599 ad
604 1566 750 1599 domum
779 1565 910 1611 ipsius,
938 1566 1058 1610 ipsum
1087 1572 1122 1598 et
1146 1566 1226 1610 ejus
1254 1565 1399 1610 pulsum
1425 1566 1545 1610 tetigit
1569 1572 1605 1598 et
1629 1565 1797 1611 palpavit.
1826 1566 1906 1608 Quo
1931 1566 2024 1598 facto
2051 1565 2218 1610 promisit

345 1645 473 1666 sanare
504 1633 684 1665 eumdem.
715 1632 950 1665 Postmodum
981 1644 1102 1664 curam
1132 1631 1298 1665 adhibuit
1325 1632 1419 1665 circa
1446 1644 1527 1664 eum
1556 1632 1675 1677 ipsum
1704 1632 1878 1673 sanando,
1906 1638 1941 1664 et
1965 1631 2067 1664 dedit
2091 1631 2218 1664 bibere

346 1699 536 1744 quamdam
567 1711 694 1744 aquam
722 1698 973 1740 clarissimam,
1004 1698 1137 1732 virtute
1168 1699 1271 1743 cujus
1301 1698 1345 1731 ad
1375 1710 1551 1731 cameram
1580 1698 1657 1740 ivit,
1690 1705 1725 1731 et
1754 1698 1932 1731 desubtus
1965 1710 2005 1731 se
2036 1698 2217 1743 purgavit,

345 1766 558 1810 febremque
580 1777 648 1810 qua
675 1777 876 1810 oppressus
901 1765 1018 1798 suerat
1042 1771 1078 1799 et
1098 1772 1174 1798 erat
1193 1765 1324 1807 amisit,
1347 1772 1383 1798 ct
1407 1765 1588 1798 mediante
1613 1777 1697 1797 cura
1719 1765 1771 1798 sic
1797 1765 1887 1797 sacta
1913 1771 2059 1797 sanatus
2087 1764 2216 1803 extitit,

347 1833 445 1878 quod
473 1833 591 1865 facere
618 1844 691 1864 non
717 1838 914 1876 potuerunt
941 1832 1073 1865 medici
1103 1832 1165 1877 qui
1190 1844 1271 1865 eum
1296 1831 1502 1865 visitabant.
1530 1832 1781 1876 Interrogatus
1809 1831 1839 1864 si
1865 1831 1955 1864 sciat
1978 1831 2015 1863 in
2040 1843 2112 1875 quo
2137 1831 2218 1864 vico

346 1899 508 1932 Parisius
538 1899 631 1931 dicta
658 1898 818 1932 visitavit
837 1898 1003 1932 infirmos
1024 1905 1059 1931 et
1078 1898 1115 1931 in
1137 1911 1207 1944 quo
1229 1898 1310 1931 loco
1332 1897 1607 1939 suburbiorum,
1629 1905 1664 1931 et
1685 1898 1715 1931 si
1736 1910 1894 1942 unquam
1919 1897 1987 1930 fuit
2006 1909 2160 1942 presens
2181 1897 2218 1930 in

346 1966 554 1999 visitatione
580 1977 684 2010 quam
706 1964 873 2006 faciebat,
890 1971 926 1998 et
946 1965 977 1998 si
997 1965 1130 1998 viderit
1145 1965 1243 2010 quod
1259 1965 1383 1998 urinas
1400 1964 1558 2009 inspexit
1577 1976 1684 1997 causa
1705 1964 1954 2009 cognoscendi
1975 1963 2217 2005 infirmitates,

348 2039 384 2065 et
412 2032 442 2065 si
473 2032 640 2077 promisit
667 2031 808 2076 aliquos
836 2031 1001 2064 infirmos
1029 2043 1156 2064 sanare
1186 2043 1251 2076 pro
1278 2031 1409 2064 salario
1436 2030 1618 2072 habendo,
1647 2037 1682 2063 et
1709 2031 1740 2064 si
1768 2031 1815 2063 sit
1841 2037 2014 2063 consueta
2042 2030 2218 2075 praticare

348 2098 509 2131 Parisius
544 2105 579 2131 et
612 2098 649 2130 in
688 2097 893 2139 suburbiis,
934 2098 1134 2143 respondet
1170 2097 1268 2143 quod
1307 2097 1419 2130 nichil
1462 2097 1530 2130 scit
1572 2097 1643 2130 nisi
1681 2097 1726 2130 de
1765 2109 1806 2130 se
1843 2097 1924 2142 ipso
1964 2103 2073 2142 prout
2110 2108 2219 2141 supra

348 2165 450 2206 dixit,
472 2170 551 2206 etc.,
574 2170 637 2198 etc.

442 2262 519 2285 Arch.
536 2265 589 2285 nat.
612 2262 696 2286 Paris.
719 2262 780 2286 ΜΜ.
803 2263 857 2290 266,
877 2270 904 2293 p.
929 2262 1008 2285 17-21.
1031 2262 1142 2285 Notatur
1165 2261 1230 2285 ibid.
1252 2262 1279 2285 in
1301 2262 1430 2294 margine,
1446 2261 1651 2285 instrumentum
1670 2269 1718 2293 pro
1738 2260 1832 2292 majori
1847 2264 1949 2284 tuntum
1966 2264 2042 2292 parte
2057 2261 2090 2284 ad
2105 2260 2222 2284 litteram

348 2306 470 2330 exscribi.

443 2391 465 2414 1.
481 2391 529 2414 Ms.
547 2398 552 2414 ·.
570 2399 582 2414 «
598 2390 718 2414 visitabit
733 2398 754 2414 i».
770 2404 802 2408 —
816 2391 839 2414 2.
851 2391 917 2414 Μ5.;
934 2399 945 2414 t(
961 2390 1066 2414 ciruvos
1082 2398 1105 2414 ».
1120 2404 1151 2408 —
1166 2391 1188 2414 3.
1215 2391 1243 2414 In
1260 2390 1379 2422 margine
1399 2390 1495 2414 dicitur
1511 2398 1516 2413 z
1541 2399 1553 2414 «
1569 2391 1597 2414 In
1612 2390 1734 2414 citatione
1750 2390 1789 2413 illi
1806 2391 1875 2413 facta
1889 2389 1986 2412 dicitur
2005 2388 2133 2420 magister
2148 2388 2223 2412 faber

350 2434 448 2457 fabrice
470 2435 578 2458 ecclesie
600 2435 678 2459 Beate
698 2435 781 2459 Mario
801 2443 823 2459 n.
839 2449 870 2453 —
890 2436 912 2458 4.
936 2436 951 2458 6
975 2435 1106 2458 Octobris.
1126 2449 1157 2452 —
1171 2437 1194 2458 5.
1210 2435 1282 2458 Junii
1301 2436 1339 2459 24.
1361 2449 1388 2452 —
1408 2436 1431 2459 6.
1450 2435 1498 2459 Ms.
1515 2443 1521 2458 z
1539 2443 1551 2458 (ι
1570 2435 1632 2466 quia
1646 2443 1699 2466 qua
1713 2443 1735 2458 1).
1751 2448 1783 2453 —-
1797 2436 1820 2458 7.
1837 2435 1856 2458 Ι.
1873 2442 1894 2457 e.
1916 2434 1943 2457 in
1962 2433 2029 2465 ipsis
2048 2432 2178 2456 articulis.
2190 2445 2222 2451 —

349 2480 372 2502 8.
389 2479 509 2502 Octobris
526 2480 548 2503 8.
562 2493 594 2497 —
607 2481 630 2503 9.
647 2480 761 2508 Quidam
771 2479 909 2508 Martinus,
925 2479 1053 2511 magister
1067 2479 1220 2508 medicinae,
1236 2479 1387 2503 nominatur
1402 2487 1484 2511 supra
1499 2480 1592 2503 110679.
1607 2493 1639 2498 —-
1649 2480 1687 2503 10.
1698 2479 1746 2504 Ms.
1762 2487 1767 2502 z
1786 2487 1798 2503 α
1811 2478 1907 2502 hnilles
1919 2487 1941 2502 ».
1953 2492 1984 2496 -
1994 2478 2032 2501 11.
2044 2477 2166 2501 Octobris
2182 2477 2221 2501 17.

350 2537 380 2540 —
395 2523 432 2546 12.
447 2524 475 2546 ln
492 2532 540 2547 ms.
558 2524 674 2555 spatium
696 2524 826 2548 relictum.
845 2537 876 2542 —
896 2524 935 2547 13.
950 2524 979 2547 V.
1002 2524 1103 2552 Jaillot,
1119 2524 1298 2554 Recherches,
1315 2527 1373 2552 etc.,
1391 2524 1401 2547 Ι
1415 2532 1421 2547 2
1438 2524 1573 2551 Quartier
1591 2525 1620 2548 S.
1639 2524 1810 2554 Opportune,
1826 2531 1852 2555 p.
1870 2523 1899 2546 17
1915 2531 1983 2554 sqq„
1999 2522 2026 2545 in
2046 2521 2105 2553 ripa
2120 2522 2220 2545 dextra.

350 2580 378 2584 —
399 2568 436 2590 14.
453 2567 517 2591 Julii
533 2569 570 2591 25.
586 2569 649 2591 Erat
663 2568 803 2592 dominica.
820 2569 899 2592 -15.
914 2568 989 2592 Prior
1004 2568 1060 2591 sine
1075 2568 1155 2591 dubio
1170 2569 1317 2592 Hermanus
1337 2568 1502 2592 Lombardus
1522 2571 1570 2598 est,
1590 2568 1635 2600 qui
1648 2568 1724 2600 ,infra
1741 2572 1770 2591 n⁰
1783 2568 1830 2591 919
1844 2567 1973 2595 occurrit;
1992 2567 2059 2590 ulter
2078 2569 2118 2589 est
2137 2565 2222 2590 Main-

351 2611 440 2634 fredus
456 2612 487 2634 de
502 2612 658 2642 Mediolano,
672 2613 717 2644 qui
738 2613 808 2637 infre
832 2613 865 2636 ad
880 2621 941 2637 ann.
957 2613 1019 2636 1326
1031 2616 1056 2636 et
1071 2613 1130 2636 1331
1147 2621 1206 2645 sqq.
1220 2613 1321 2644 pluries
1341 2613 1501 2637 nominatur.
1516 2626 1547 2631 -—
1566 2613 1604 2636 16.
1625 2613 1677 2636 Seu
1692 2612 1912 2644 Quinquempoix‚
1928 2612 1954 2634 in
1978 2611 2038 2642 ripa
2059 2611 2159 2634 dextra.
2181 2610 2221 2634 Cf.

350 2655 450 2683 Jaillot,
470 2657 650 2685 Recherches,
672 2658 757 2686 etc.,1
778 2665 783 2680 z
809 2657 940 2684 Quarcier
964 2658 993 2681 S.
1015 2657 1403 2688 Jacques-de-la-Boucherie‚
1428 2666 1454 2689 p.
1475 2659 1514 2681 69.
1539 2671 1571 2675 -—
1589 2657 1627 2681 17.
1649 2657 1764 2681 Thomas
1784 2657 1816 2680 de
1836 2657 1931 2680 Sancto
1949 2655 2071 2686 Georgio,
2093 2654 2222 2686 medicus,

351 2699 501 2722 nominatur
513 2700 581 2723 infra
595 2705 623 2723 n⁰
637 2702 691 2730 940,
708 2705 777 2730 nota,
796 2705 822 2725 et
836 2706 864 2724 n⁰
878 2702 933 2725 941.
944 2715 976 2720 —
990 2702 1028 2725 18.
1042 2702 1090 2725 Ms.
1107 2710 1113 2725 z
1129 2710 1141 2725 a
1157 2701 1266 2725 auribus
1282 2710 1304 2725 ».
1322 2715 1349 2720 -·
1366 2702 1403 2725 19.
1420 2702 1541 2725 Octobris
1557 2702 1682 2725 22.-20.
1699 2701 1738 2725 Cf.
1754 2709 1836 2732 supra
1849 2709 1876 2732 p.
1893 2701 1948 2724 258.
1963 2713 1992 2718 -
2006 2700 2045 2723 21.
2059 2699 2080 2723 A
2090 2698 2179 2722 Mardi
2193 2698 2223 2722 17

351 2743 455 2767 circiter
473 2752 556 2776 usque
571 2745 605 2768 nd
617 2745 677 2769 Jun.
690 2746 728 2769 24.
746 2759 774 2763 —
785 2746 824 2770 22.
838 2746 928 2770 Adhuc
943 2746 1013 2770 infra
1027 2751 1056 2770 n⁰
1070 2747 1115 2770 932
1130 2750 1159 2770 ut
1171 2746 1288 2770 serviens
1300 2746 1419 2770 officialis
1429 2746 1514 2772 Paris.
1526 2746 1643 2770 affertur.
1660 2759 1688 2764 -
1704 2746 1743 2770 23.
1755 2745 1877 2770 Octobris
1893 2746 1932 2768 23.
