2534 3444
408 329 472 362 654
999 337 1317 359 CHARTULARIUM
1352 337 1542 360 uulvsas.
1579 338 1706 360 mais.
2182 326 2281 362 [1349

407 411 605 434 commendatur
618 411 690 442 (aeg.
707 412 786 434 Avon.
802 411 902 434 Urbani
918 412 946 439 V,
964 411 1015 434 vol.
1033 411 1087 439 vn,
1103 411 1147 434 [ol.
1166 411 1228 440 106).
1246 411 1275 434 1n
1292 410 1367 435 Gall.
1386 411 1498 440 Christ.‚
1509 412 1563 439 vn,
1581 411 1626 434 210
1643 413 1666 441 (e
1682 419 1734 443 qua
1749 411 1878 439 Guerard,
1896 412 1969 436 Cart.
1981 413 2014 435 de
2029 411 2225 444 Notre-Dame,
2239 413 2281 440 lv,

408 456 471 483 216),
489 455 625 483 asseritur,
642 458 702 486 post
717 455 907 486 promotionem
925 455 1015 478 decani
1032 455 1141 478 Firmini
1162 455 1288 486 Coquerel
1311 455 1344 478 ud
1360 455 1447 478 sedem
1463 455 1662 480 Noviomensem
1684 458 1734 484 (an.
1759 456 1828 483 1348,
1846 456 1969 479 Novcmb.
1996 456 2037 483 14;
2056 456 2117 487 aeg.
2142 456 2221 479 Clem.
2239 457 2281 482 VI.

408 504 436 522 n⁰
452 500 505 528 188,
524 500 568 523 sol.
585 499 643 531 361³)
658 500 768 523 Vitnlem
791 500 822 523 de
844 500 975 523 Prullinco
997 500 1154 529 (Prinhnco),
1171 503 1303 523 cantorem
1325 500 1418 529 puris„
1437 500 1518 524 fuisse
1537 500 1664 523 decanum
1688 500 1750 523 eccl.
1774 500 1857 523 Paris.
1875 499 1947 530 (Maii
1970 500 2127 529 1349-1350).
2144 504 2169 523 et
2191 504 2282 531 postea

408 545 583 568 Raimundnm
599 544 630 567 de
646 545 735 575 Snlgu.
752 545 802 567 Sed
818 544 910 567 Vitalis
927 552 1063 575 nunquam
1078 544 1191 567 decanus
1210 544 1258 567 fuit
1273 545 1316 573 (cs.
1333 547 1358 567 et
1378 544 1447 567 infra
1469 548 1497 567 n⁰
1519 544 1602 575 1177);
1627 544 1772 567 Firminum
1795 544 1864 567 enim
1887 544 2046 575 sequebatur
2069 545 2231 568 unimundus
2251 545 2283 568 de

408 589 498 619 Salgan,
516 592 545 611 ut
559 597 572 611 e
588 589 650 618 Reg.
667 588 791 611 Clement.
809 589 850 615 Vl,
869 597 909 611 an.
927 589 949 615 7,
966 593 995 611 n⁰
1010 589 1064 616 188,
1086 588 1129 611 fol.
1153 588 1207 616 221,
1225 591 1343 619 apparet,
1362 588 1406 611 ubi
1423 588 1472 611 sub
1487 596 1528 611 an.
1554 588 1624 618 1348,
1647 588 1772 612 Novemb.
1796 588 1834 613 15.
1858 588 1942 612 eidem
1964 592 2115 612 reservatur
2130 589 2281 618 decanatus,

407 633 451 664 qui
475 641 522 664 per
543 633 748 656 consecrationis
771 641 866 655 munus
890 641 905 655 a
926 632 1042 655 Firmino
1064 632 1262 663 suscipiendum
1284 640 1378 655 vacare
1405 636 1528 663 speratur
1550 632 1592 663 (de
1607 632 1657 655 boc
1671 635 1756 656 exstat
1780 633 1861 657 Motu
1883 633 2002 663 proprio
2028 633 2053 656 in
2076 634 2138 664 Reg.
2163 633 2282 665 Supplic.

407 678 534 701 Clcnmnt.
551 678 592 705 VI,
610 686 651 700 nn.
670 678 692 706 7,
708 686 734 708 p.
751 677 774 705 2,
791 677 836 700 sol.
853 677 907 705 14¹³,
925 677 969 700 ubi
985 685 1126 708 perperam
1142 685 1153 699 «
1170 676 1221 708 xvij
1245 677 1297 700 kal.
1315 676 1439 700 Novemb.
1458 685 1479 704 »,
1497 677 1554 700 loco
1578 685 1589 699 (‹
1606 676 1726 700 Decemb.
1744 679 1775 705 »).
1792 690 1823 694 —-
1837 677 1860 699 2.
1877 677 1943 700 Cum
1965 685 2015 700 non
2038 677 2065 700 in
2087 677 2175 701 studio
2198 678 2280 701 Paris.

408 722 453 745 sed
470 721 543 749 olibi,
567 721 622 744 scil.
648 721 805 748 Aurelianis.
829 722 979 744 doctoratus
1003 724 1079 744 esset.
1104 721 1143 744 Ad
1165 721 1228 744 haec
1250 729 1274 744 ν.
1299 729 1381 752 supra
1404 725 1431 743 n⁰
1456 721 1509 750 728,
1533 724 1586 743 not.
1608 721 1629 743 3.
1654 734 1685 738 -
1707 721 1728 743 3.
1754 721 1825 743 Idem
1850 720 1873 744 ei
1895 721 2061 744 Innocentius
2084 722 2125 749 VI,
2147 730 2189 744 an,
2213 722 2282 750 1353,

407 767 517 790 Junuar.
535 766 572 794 18,
589 766 717 797 permisit.
736 766 834 793 dicens,
852 774 863 788 «
881 765 948 788 utin
965 765 1052 788 studio
1068 765 1151 788 Paris.
1175 773 1234 788 cum
1256 773 1323 796 capa
1345 765 1427 788 rubea
1449 765 1483 795 (v.
1508 773 1589 796 supra
1612 768 1640 787 n⁰
1663 765 1732 794 1002)
1755 765 1889 788 decretum
1912 765 2044 788 ordinarie
2066 766 2154 797 legere
2170 769 2195 789 et
2209 769 2283 789 actus

409 811 577 842 magistrales
597 819 715 833 exercerc
738 810 819 833 libere
841 813 866 833 ct
888 810 958 833 licite
981 810 1068 833 valent
1084 818 1110 837 »;
1133 809 1179 832 alii
1200 809 1320 840 magistri
1344 817 1402 832 eum
1427 809 1564 832 admittere
1585 809 1689 840 possint
1710 812 1735 832 et
1758 809 1870 832 debeant
1892 817 1943 832 non
1966 810 2087 833 obstante
2113 813 2211 833 statuto
2233 819 2284 842 quo

410 865 421 877 u
439 855 524 878 caveri
541 855 636 878 dicitur
652 855 720 886 quod
737 855 825 877 nullus
842 854 933 877 doctor
949 854 1034 885 possit
1049 854 1075 876 in
1091 854 1160 877 dicto
1177 854 1264 877 studio
1280 854 1363 877 Paris.
1380 853 1514 876 decretum
1530 853 1663 876 ordinarie
1679 853 1774 884 legere,
1792 853 1842 876 nisi
1859 853 1895 876 ibi
1913 854 1991 877 fuerit
2014 854 2165 878 doctoratus
2182 863 2193 877 n
2211 855 2281 886 (aeg.

408 901 487 923 Aven.
506 900 638 922 Innocent.
656 900 697 927 VI,
716 899 767 922 vol.
785 899 814 927 V,
832 899 875 921 sol.
894 899 956 926 104).

416 1061 438 1098 1
450 1061 471 1097 1
481 1061 558 1097 75.
582 1069 702 1094 Botulus
717 1068 861 1094 seaedecim
880 1068 1124 1102 baccalareorum,
1143 1069 1193 1104 qui
1207 1068 1332 1094 Parisiis
1349 1069 1513 1095 Sententias
1523 1069 1586 1103 jam
1600 1068 1816 1104 compleverunt,
1835 1068 1875 1094 ad
1888 1070 1997 1094 curiam
2013 1069 2091 1095 Rom.
2110 1068 2282 1095 destinatus.

1587 1160 1665 1189 1349.
1683 1159 1800 1186 octobris
1817 1159 1852 1189 13,
1868 1159 1998 1186 nveniam.

499 1243 710 1288 Apostolice
739 1243 917 1276 sanctitati
942 1250 1077 1284 vestre,
1102 1254 1172 1288 que
1200 1242 1316 1288 posita
1339 1242 1515 1276 divinitus
1542 1243 1578 1275 in
1604 1242 1790 1275 montibus
1815 1243 1923 1288 Syon‚
1947 1250 2104 1276 sanctam
2136 1250 2284 1276 matrem

410 1310 600 1343 ecclesiam
635 1310 789 1343 interius
822 1309 865 1342 ab
900 1309 1045 1343 excelso
1080 1308 1257 1354 prospicit
1296 1316 1331 1342 et
1364 1320 1541 1355 personas
1581 1309 1849 1342 ecclesiasticas
1888 1309 2117 1354 promotione
2157 1309 2286 1355 dignas

410 1384 578 1423 prompto
601 1384 748 1421 paterne
769 1376 962 1409 clementie
983 1376 1116 1409 intuitu
1136 1375 1404 1417 circumcernit,
1423 1375 1630 1421 supplicant
1650 1375 1836 1409 humiliter
1854 1375 1968 1409 vestri
1984 1376 2105 1409 devoti
2122 1383 2286 1409 oratores

410 1443 589 1477 bacallarii
621 1443 658 1475 in
687 1442 883 1488 theologia,
920 1443 979 1487 qui
1012 1442 1218 1476 Sententias
1248 1442 1409 1475 Parisius
1439 1441 1727 1487 compleverunt.
1756 1442 1926 1487 quatinus
1953 1454 1997 1475 ex
2030 1442 2136 1475 solita
2165 1449 2286 1476 vestre

409 1510 648 1556 benignitatis
669 1509 849 1542 affluentia
876 1509 1014 1542 eisdem
1041 1508 1245 1542 bacallariis
1266 1508 1419 1542 inferius
1445 1508 1640 1542 nominatis
1668 1508 1713 1541 de
1742 1507 1933 1542 beneficiis
1963 1508 2222 1542 ecclesiasticis
2252 1515 2288 1542 et

411 1577 492 1610 aliis
519 1576 775 1621 infrascriptis,
797 1575 994 1609 dummodo
1016 1575 1176 1608 benificii
1198 1587 1279 1608 cum
1300 1587 1384 1609 cura
1410 1575 1564 1616 fructus,
1586 1580 1665 1614 etc..
1687 1582 1845 1616 centum,
1868 1575 1947 1608 sine
1973 1587 2058 1609 cura
2078 1587 2165 1609 vero
2186 1587 2287 1609 sexa-

411 1644 510 1690 ginta
537 1643 711 1676 librarum
741 1654 933 1687 parvorum
961 1648 1149 1675 turonens.
1179 1641 1379 1675 secundum
1411 1642 1627 1674 taxationem
1659 1641 1798 1675 decime
1825 1641 1985 1675 valorem
2020 1654 2177 1675 annuum
2213 1654 2286 1676 non

413 1710 600 1749 excedant,
632 1709 775 1754 pietatis
797 1709 927 1742 intuitu
950 1708 1152 1754 dignemini
1174 1708 1367 1753 providere
1388 1720 1468 1741 cum
1489 1708 1736 1753 acceptatione
1757 1708 1963 1754 ceterisque
1984 1708 2159 1742 clausulis
2180 1721 2287 1754 opor-

413 1777 512 1810 tunis
533 1783 571 1809 ut
591 1777 628 1808 in
649 1776 774 1808 forma.
792 1796 836 1800 -—
856 1775 926 1808 Fiat
949 1775 993 1808 de
1015 1775 1220 1820 octuaginta
1242 1786 1323 1807 cum
1345 1787 1442 1815 cura,
1466 1775 1652 1819 sexaginta
1674 1774 1752 1808 sine
1774 1786 1871 1808 cura.
1895 1776 1935 1808 R.

504 1844 648 1876 Item....
681 1842 753 1875 duo
785 1841 906 1882 rotuli,
938 1853 1033 1874 unus
1063 1841 1100 1873 in
1128 1840 1270 1885 vigilia¹
1304 1840 1577 1882 Penthecostes,
1600 1841 1692 1874 alius
1721 1842 1757 1874 in
1783 1841 1928 1886 vigilia²
1954 1842 2156 1875 Nativitatis
2178 1843 2285 1876 Beate

416 1910 528 1943 Marie
549 1909 654 1942 vobis
682 1908 893 1954 presentati,
917 1908 1048 1953 perditi
1074 1908 1220 1940 suerunt
1241 1913 1277 1940 et
1297 1906 1412 1940 obliti.

504 2008 602 2034 Primo
626 2007 751 2033 Roberto
772 2007 807 2032 de
829 2005 992 2032 Conchiaco
1004 2005 1015 2022 ³
1037 2005 1104 2031 alias
1123 2005 1159 2032 de
1174 2005 1304 2035 Marosto,
1320 2006 1489 2038 presbytero
1504 2005 1677 2031 Ambianen.
1695 2005 1780 2035 dioc.‚
1798 2006 1938 2039 magiStro
1952 2007 1983 2032 in
1998 2006 2118 2036 artibus,
2133 2006 2286 2033 hacallario

413 2058 445 2083 in
464 2057 619 2090 theologia.

504 2107 587 2134 Item,
604 2105 730 2131 Roberto
745 2104 780 2130 de
795 2103 922 2136 Corbeya
933 2103 953 2128 ⁴.

503 2155 587 2182 Item,
604 2154 748 2186 alumpno
763 2154 856 2178 vestro
873 2152 998 2178 Roberto
1013 2151 1048 2178 de
1063 2151 1165 2178 Villeta
1176 2151 1196 2176 ⁵.

504 2204 587 2231 Item.
604 2202 731 2228 Johanni
747 2201 856 2228 Ferrati
866 2200 886 2226 θ.

503 2252 587 2281 Item.
605 2251 760 2277 Eustachi0
775 2250 895 2276 Bruncti
906 2249 917 2267 '¹'
936 2250 972 2276 de
987 2250 1179 2282 Rothomago.

504 2302 587 2329 Item.
605 2301 766 2326 Guillermo
788 2299 824 2326 de
843 2299 916 2325 Aula
926 2298 946 2324 ⁸.

504 2351 588 2377 Itoni,
605 2349 733 2375 Johanni
749 2348 908 2374 Yavassoris
918 2348 938 2373 ⁹.

505 2399 589 2427 Item,
607 2398 754 2424 Florentio
770 2398 877 2430 Ilyvctc
890 2396 921 2421 ¹0.

508 2449 591 2476 Item,
609 2446 736 2473 Johanni
751 2446 828 2472 dicto
843 2446 988 2478 Caligator
1002 2445 1038 2471 dc
1053 2444 1221 2471 [ον-3111014.

505 2497 588 2523 Item.
606 2496 761 2528 Radulpho
776 2495 811 2521 de
826 2494 965 2520 Mesnillo.

505 2546 589 2573 Item,
606 2544 748 2571 Gautrido
763 2544 788 2570 le
804 2544 917 2569 Marhec
930 2542 961 2571 ¹2.
979 2543 1136 2569 Bri0censis
1151 2543 1223 2569 dloc.

506 2595 589 2621 Item.
607 2593 723 2626 Hugoni
739 2593 773 2618 dc
789 2593 876 2618 Duno
890 2591 920 2616 ¹³.

506 2643 590 2674 Itoni,
604 2643 714 2667 Thomo
731 2641 841 2667 Sutoris
854 2640 884 2665 ¹¹¹.

507 2692 590 2718 Item.
607 2690 734 2716 Johanni
750 2690 835 2722 Ogeri
848 2690 883 2715 dc
899 2690 1003 2715 Sancto
1018 2689 1153 2715 Medardo
1169 2696 1255 2722 supra
1268 2689 1397 2715 Montcm
1413 2689 1636 2715 Cathalaunens.
1654 2689 1727 2715 dioc.
1737 2688 1769 2714 ⁴⁵.

507 2740 590 2767 nom,
607 2739 771 2764 Christiano
790 2738 869 2771 Guys
880 2737 901 2755 ⁴0
920 2738 956 2763 dc
973 2738 1077 2763 Sancto
1092 2737 1270 2763 Audomaro.

508 2788 591 2814 Item.
609 2788 689 2812 fratri
706 2787 826 2819 Symoni
841 2787 875 2813 dc
892 2787 990 2812 Brossa
1003 2786 1034 2814 Π.
1050 2786 1195 2812 monacho
1211 2785 1380 2812 monasterii
1394 2786 1597 2812 Cluniacensis.

512 2876 584 2907 Fiat
607 2875 711 2907 etiam
734 2875 812 2907 sine
834 2874 1009 2906 examine.
1034 2874 1073 2905 R.
