2534 3444
293 345 389 382 1333]
703 357 749 379 ΑΒ
783 357 888 378 ANNO
923 356 1156 378 MCCLxxxw
1191 356 1323 384 USQUE
1358 357 1406 378 An
1440 357 1577 379 ANNUM
1608 358 1749 379 MCCCL.
2093 350 2156 381 421

381 431 437 464 Ad
458 442 583 465 nonum
609 429 798 463 articulum
825 429 886 474 qui
908 429 989 462 talis
1011 436 1067 462 est
1094 441 1100 461 :
1130 443 1146 460 «
1173 431 1301 462 Utrum
1327 429 1542 462 catholicum
1574 442 1618 462 an
1645 430 1844 462 hereticum
1875 431 1932 463 vel
1963 444 2155 465 erroneum

292 498 339 531 sit
368 498 489 530 dicere
520 496 617 541 quod
643 498 741 529 Deus
777 502 983 528 remunerat
1016 496 1169 528 animam
1201 496 1319 528 statim
1350 502 1433 540 post
1463 503 1615 529 mortem
1651 503 1823 540 quantum
1859 508 1967 541 capax
2002 505 2068 538 est,
2099 499 2157 531 vel

292 564 396 609 punit
422 575 498 596 eam
527 569 698 607 quantum
727 574 837 607 capax
858 569 913 595 est
931 576 960 603 »‚
991 574 1118 594 omnes
1149 562 1235 595 dicti
1266 562 1403 594 domini
1434 563 1597 607 magistri
1629 563 1895 610 respondentes
1928 564 2159 597 concorditer

292 630 472 670 dixerunt,
507 629 640 662 dictum
671 628 861 662 articulum
902 635 1010 674 prout
1031 629 1128 673 jacet
1161 628 1205 661 de
1239 629 1372 661 virtute
1403 629 1585 661 sermonis
1615 640 1698 661 esse
1732 640 1939 662 erroneum.
1981 630 2158 663 Dominus

291 702 408 729 autem
437 695 736 740 archiepiscopus
766 695 1085 740 Rhotomagensis‚
1113 695 1278 740 magistri
1310 695 1528 732 Bertaudus,
1561 695 1768 727 Bernardus
1793 701 1828 728 et
1851 695 2034 728 Arnaldus
2060 696 2159 728 dixe-

291 769 375 795 runt
415 763 534 807 ipsum
577 761 766 795 articulum
804 773 887 794 esse
931 773 1124 794 erroneum
1162 761 1404 806 intelligendo
1443 761 1487 794 de
1524 762 1641 794 anima
1678 773 1751 794 non
1781 768 1952 806 purgata3
1994 762 2078 794 item
2115 763 2159 795 de

291 835 442 873 purgata
471 828 712 873 intelligendo
740 828 785 860 de
812 828 1105 860 remuneratione
1131 827 1361 868 accidentali3
1392 827 1476 860 item
1503 828 1609 860 etiam
1636 828 1877 873 intelligendo
1900 828 1944 860 de
1965 829 2159 873 capacitate

291 894 462 935 naturali;
492 895 576 927 item
608 894 652 927 de
682 894 876 939 capacitate
906 894 1109 939 propinqua
1144 906 1214 938 que
1249 900 1305 926 est
1338 894 1540 926 secundum
1575 893 1749 926 demerita
1779 894 1816 926 in
1848 894 1976 926 ordine
2009 894 2052 927 ad
2082 895 2161 939 ipsa

292 961 507 1005 simpliciter
533 967 568 994 et
597 960 764 994 absolute
794 967 948 1005 sumpta.
982 961 1043 993 Set
1071 960 1257 1005 loquendo
1288 960 1332 993 de
1361 960 1477 993 anima
1506 967 1657 1005 purgata
1683 967 1719 993 et
1743 960 1883 1005 premio
1912 961 2100 994 essentiali
2127 968 2162 994 et

292 1028 485 1072 capacitate
514 1027 716 1072 propinqua
745 1027 782 1059 in
813 1027 941 1060 ordine
972 1027 1016 1060 ad
1046 1027 1176 1060 dictam
1212 1027 1490 1072 dispositionem
1525 1039 1598 1059 non
1630 1033 1798 1072 reputant
1827 1027 2017 1060 articulum
2052 1028 2160 1060 istum

292 1106 498 1135 erroneum7
518 1101 574 1127 set
594 1093 826 1139 opinabilem.
846 1094 986 1126 Deinde
1006 1100 1155 1139 propter
1177 1094 1305 1126 dictam
1329 1093 1601 1126 distinctionem
1623 1093 1682 1126 alii
1703 1094 1868 1138 magistri
1885 1094 2111 1139 interrogati7
2131 1095 2162 1127 si

292 1160 465 1194 volebant
484 1160 621 1205 aliquid
641 1161 775 1193 addere
797 1161 1031 1205 responsioni
1052 1172 1117 1205 per
1137 1172 1201 1193 eos
1222 1161 1326 1200 facte,
1350 1159 1519 1192 dixerunt
1540 1159 1637 1204 quod
1659 1172 1744 1192 non.

381 1227 437 1260 Ad
461 1226 630 1260 decimum
656 1227 845 1260 articulum
872 1227 933 1271 qui
961 1233 1017 1260 est
1036 1226 1118 1259 talis
1137 1238 1143 1259 :
1164 1241 1180 1258 «
1204 1228 1331 1259 Utrum
1359 1225 1575 1259 catholicum
1597 1238 1642 1258 an
1662 1226 1861 1259 hereticum
1885 1227 1943 1260 vel
1968 1239 2161 1260 erroneum

293 1294 340 1326 sit
370 1293 491 1326 dicere
522 1294 619 1338 quod
653 1294 774 1339 angeli
809 1306 882 1326 non
912 1293 1122 1326 desiderant
1151 1293 1362 1338 prospicere
1392 1292 1649 1325 humanitatem
1686 1292 1823 1326 Christi
1846 1307 1876 1334 »7
1914 1305 2040 1327 omnes
2076 1295 2163 1327 dicti

294 1360 458 1405 magistri
480 1360 711 1393 concorditer
731 1360 998 1405 respondentes
1021 1360 1191 1392 dixerunt
1210 1360 1330 1404 ipsum
1351 1359 1541 1392 articulum
1564 1370 1646 1391 esse
1668 1371 1860 1392 erroneum
1884 1367 1919 1393 et
1938 1361 2079 1394 falsum.

382 1427 438 1459 Ad
459 1427 676 1461 undecimum
693 1426 883 1459 articulum
906 1427 967 1471 qui
987 1426 1069 1459 talis
1090 1432 1145 1459 est
1162 1437 1169 1458 ε
1190 1440 1206 1457 «
1225 1427 1353 1459 Utrum
1374 1425 1589 1458 catholicum
1612 1437 1656 1458 an
1676 1425 1875 1458 hereticum
1892 1427 1950 1460 vel
1969 1439 2162 1460 erroneum

295 1493 339 1526 sit
360 1493 482 1526 dicere
503 1493 601 1538 quod
622 1493 775 1538 angelus
795 1493 852 1526 vel
873 1493 989 1525 anima
1010 1505 1083 1525 non
1105 1492 1290 1525 desideret
1310 1491 1447 1536 aliquid
1469 1491 1622 1523 inferius
1644 1503 1682 1524 se
1701 1505 1731 1533 >³7
1750 1493 2018 1537 responderunt
2037 1506 2164 1527 omnes

295 1560 381 1592 dicti
403 1560 567 1605 magistri
588 1560 807 1592 unanimiter
824 1548 863 1592 *et
882 1559 1001 1604 ipsum
1023 1558 1216 1591 articulum
1237 1558 1407 1590 dixerunt
1427 1569 1510 1590 esse
1531 1569 1723 1590 erroneum
1742 1565 1776 1591 et
1793 1559 1934 1591 falsum.

385 1628 436 1659 De
465 1626 599 1671 quibus
627 1626 797 1659 omnibus
826 1626 1046 1671 supradictis
1074 1626 1235 1670 prefatus
1266 1625 1437 1657 dominus
1463 1624 1684 1657 camerarius
1711 1625 1893 1659 mandavit
1918 1626 2025 1659 michi
2056 1627 2165 1660 infra-

297 1693 433 1738 scripto
454 1693 596 1726 notario
621 1693 739 1725 facere
760 1704 870 1725 unum
892 1692 950 1725 vel
972 1691 1075 1736 plura
1096 1691 1241 1736 publica
1261 1691 1515 1723 instrumenta.

384 1760 471 1792 Acta
504 1760 651 1792 fuerunt
679 1759 745 1791 hec
780 1771 888 1799 anno⁷
924 1758 1136 1799 indictione,
1172 1757 1397 1802 pontificatu,
1434 1757 1491 1790 die
1527 1764 1562 1790 et
1590 1757 1671 1790 loco
1707 1758 1893 1802 predictis,
1930 1760 2165 1804 presentibus

295 1825 451 1858 testibus
479 1825 649 1858 discretis
669 1825 758 1858 viris
780 1825 938 1857 dominis
965 1824 1099 1858 Jacobo
1122 1824 1165 1857 de
1195 1825 1321 1857 Sancta
1341 1824 1515 1865 Victoria⁷
1539 1824 1727 1869 preposito
1749 1824 1904 1858 ecclesie
1929 1827 2048 1859 Sancti
2070 1829 2165 1860 Petri

295 1892 339 1925 de
361 1894 548 1934 Mansano,
571 1892 740 1925 Astensis
763 1892 934 1932 diocesis,
958 1898 993 1924 et
1013 1891 1155 1924 Ruffino
1178 1891 1221 1923 de
1243 1890 1399 1931 Ficeclo,
1424 1897 1564 1923 rectore
1585 1890 1740 1923 ecclesie
1763 1892 1882 1924 Sancti
1898 1893 2036 1926 Nicolai
2058 1906 2166 1939 supra

295 1960 444 1992 Fossata
473 1958 741 2000 Atrebatencia,
768 1958 811 1991 ad
841 1958 1019 2003 premissa
1048 1958 1198 1998 vocatis,
1227 1963 1261 1990 et
1291 1969 1346 1989 me
1377 1957 1576 1990 Guillelmo
1605 1957 1649 1989 de
1678 1957 1822 1990 Petrilia
1851 1960 1990 1993 notario
2019 1961 2165 2005 publico

295 2025 539 2070 infrascripto.

385 2093 544 2136 Postque
582 2103 690 2132 anno,
718 2092 918 2124 indictione
947 2098 982 2124 et
1012 2090 1222 2136 pontificatu
1249 2090 1383 2135 quibus
1412 2102 1534 2134 supra,
1563 2090 1621 2122 die
1651 2091 1802 2135 septima
1831 2092 1996 2136 ejusdem
2027 2095 2165 2127 mensis

298 2158 522 2203 Septembris
546 2158 727 2192 Avinione
754 2159 791 2190 in
819 2158 985 2203 hospicio
1007 2157 1134 2202 prefati
1161 2157 1298 2189 domini
1318 2157 1481 2201 episcopi
1509 2157 1727 2198 Penestrini‚
1756 2170 1875 2190 coram
1905 2159 2062 2192 dominis
2090 2162 2165 2206 epi-

297 2226 419 2270 scopis
436 2231 471 2257 et
490 2225 686 2257 camerario
708 2225 940 2269 supradictis,
959 2223 1192 2269 presentibus
1210 2223 1348 2256 eisdem
1367 2222 1538 2255 omnibus
1556 2223 1713 2255 dominis
1731 2225 1915 2268 magistris
1936 2226 1979 2257 ad
2001 2226 2065 2258 hec
2084 2239 2165 2271 spe-

298 2291 437 2324 cialiter
453 2291 700 2335 congregatis,
714 2303 752 2323 ac
771 2291 874 2323 etiam
892 2297 1062 2335 presente
1078 2290 1187 2322 fratre
1205 2289 1371 2322 Emundo
1388 2289 1647 2329 Manescalli¹³,
1663 2290 1830 2334 Anglico,
1850 2291 1999 2324 Ordinis
2017 2293 2165 2325 fratrum

298 2359 494 2396 Minorum,
517 2357 725 2402 supradicto
748 2364 919 2402 precepto
941 2357 1035 2389 sicut
1054 2357 1184 2389 factum
1206 2357 1326 2394 suerat,
1343 2355 1423 2388 aliis
1445 2355 1630 2400 magistris
1652 2355 1767 2388 eidem
1794 2357 1893 2389 fratri
1916 2359 2081 2391 Emundo
2102 2373 2166 2404 per

299 2425 475 2470 prefatum
503 2424 685 2456 dominum
710 2423 954 2456 Tusculanum
984 2423 1195 2468 episcopum
1222 2421 1471 2455 verbothenus
1498 2422 1603 2460 sactO,
1631 2422 1697 2454 fuit
1723 2434 1932 2466 processum
1959 2431 1993 2457 et
2014 2438 2165 2471 respon-

300 2503 378 2524 sum
400 2491 443 2523 ad
465 2490 734 2534 subsequentes
755 2490 927 2522 articulos
949 2490 985 2521 in
1007 2489 1102 2521 hunc
1124 2489 1269 2521 modum
1288 2500 1294 2520 :

388 2557 444 2589 Ad
473 2556 715 2589 duodecimum
745 2556 933 2588 articulum
966 2556 1027 2600 qui
1057 2555 1138 2588 talis
1160 2561 1237 2588 est:
1258 2568 1273 2585 ‹<
1292 2556 1419 2587 Utrum
1448 2553 1663 2586 catholicum
1691 2567 1735 2588 an
1761 2555 1957 2590 hereticum
1985 2559 2041 2591 vel
2067 2571 2166 2592 erro-

299 2636 406 2657 neum
437 2623 484 2655 sit
511 2623 632 2655 dicere
661 2622 757 2667 quod
785 2622 902 2654 anime
931 2628 1053 2654 sancte
1082 2621 1210 2653 nolunt
1238 2621 1344 2652 modo
1372 2619 1520 2660 habere,
1548 2627 1602 2653 set
1623 2621 1659 2653 in
1681 2622 1739 2654 die
1759 2623 1889 2666 judicii
1911 2624 2063 2669 gloriam
2086 2639 2165 2659 cor-

299 2690 400 2736 poris
423 2703 452 2730 »,
481 2689 659 2721 dictorum
688 2689 917 2721 dominorum
943 2688 1198 2733 magistrorum
1226 2687 1371 2719 suerunt
1396 2686 1540 2719 diverse
1566 2687 1759 2731 opiniones
1785 2689 1987 2732 discordes,
2015 2693 2166 2737 quibus-

300 2757 379 2789 dam
412 2755 619 2788 dicentibus
649 2755 839 2787 articulum
870 2755 978 2787 istum
1009 2766 1215 2794 erroneum,
1245 2753 1325 2785 aliis
1355 2752 1484 2785 falsum
1514 2759 1548 2785 et
1578 2755 1821 2796 temerarium⁷
1851 2756 1931 2790 aliis
1960 2758 2166 2793 dicentibus

299 2823 419 2867 ipsum
441 2821 629 2854 articulum
652 2833 790 2862 verum,
814 2821 894 2853 aliis
916 2819 1228 2865 distinguentibus
1251 2819 1294 2851 de
1315 2819 1474 2863 appetitu
1500 2819 1666 2860 naturali,
1689 2827 1723 2853 et
1744 2821 1787 2853 de
1809 2824 1967 2867 appetitu
1990 2825 2102 2858 relato
2124 2828 2166 2859 ad

302 2885 567 2922 ordinationem
589 2888 760 2929 divinam,
783 2894 817 2920 et
837 2899 960 2920 verum
984 2887 1020 2919 in
1041 2886 1168 2919 ultimo
1190 2897 1314 2918 sensu.
