2534 3444
368 331 434 364 394
950 341 1271 364 cuAR’rULAmUM
1306 342 1495 364 uuivans.
1533 342 1662 364 rmus.
2141 328 2240 366 [1332

369 414 544 460 magister
564 415 626 459 qui
645 414 713 448 hoc
734 422 957 460 procuraret,
981 415 1062 460 ipso
1083 415 1175 448 facto
1193 422 1249 448 est
1268 416 1429 461 privatus
1450 416 1487 448 in
1504 416 1765 461 sempiternum
1788 416 1960 449 societate
1982 415 2238 460 magistrorum

371 487 407 515 et
426 482 524 514 omni
543 488 622 514 actu
645 481 837 515 scolastico
858 482 1020 527 predicte
1041 482 1232 515 facultatis.
1252 496 1269 513 »

460 547 602 591 Quibus
633 548 684 581 sic
714 548 821 581 dictis
859 555 893 581 et
922 549 1122 594 propositis
1158 549 1316 593 quesivit
1345 549 1464 582 dictus
1493 549 1652 582 decanus
1682 562 1700 582 a
1728 549 1834 582 dictis
1869 549 2084 582 bachalariis
2119 556 2239 582 utrum

369 614 506 648 vellent
537 614 596 648 illa
626 616 763 659 jurare.
799 615 868 658 Qui
904 615 1174 660 responderunt
1207 615 1304 660 quod
1334 615 1399 648 sic.
1436 616 1480 648 Et
1507 617 1724 660 juraverunt
1756 615 1910 661 quilibet
1940 628 2005 661 pro
2037 627 2076 649 se
2105 616 2142 648 in
2169 614 2241 647 mei

371 681 501 714 notarii
536 681 672 726 publici
706 682 889 727 presentia
923 681 1042 714 omnia
1076 681 1282 726 supradicta
1316 681 1468 714 firmiter
1502 688 1537 715 et
1570 682 1830 716 inviolabiliter
1868 682 2076 716 observare.
2119 683 2162 715 Et
2196 681 2240 714 de

371 747 542 781 omnibus
567 747 638 781 hiis
663 748 766 793 petiit
790 760 808 781 a
831 760 885 780 me
911 748 1052 781 notario
1079 748 1225 793 publico
1247 749 1408 793 prefatus
1430 748 1589 781 decanus
1611 749 1681 781 sibi
1703 755 1769 782 tam
1793 761 1859 782 suo
1886 761 1991 794 quam
2013 749 2108 782 dicte
2128 747 2240 782 sacul-

371 814 453 846 tatis
474 814 683 847 nominibus
705 814 890 859 publicum
913 814 991 847 fleri
1012 814 1306 847 instrumentum.

459 881 546 914 Acta
572 881 719 914 fuerunt
744 880 810 913 hec
836 892 944 922 anno,
965 880 1179 921 indictione,
1200 892 1340 922 mense,
1363 880 1457 922 loco,
1480 881 1538 914 die
1560 893 1669 926 supra
1689 881 1808 915 dictis.
1831 883 1982 915 Nomina
2003 894 2090 915 vero
2110 882 2239 915 bacha-

371 946 542 979 lariorum
565 954 650 980 sunt
669 947 705 979 hi
727 947 788 992 qui
810 947 846 979 in
867 947 1029 992 predicta
1050 947 1336 992 congregatione
1357 948 1503 980 fuerunt
1526 954 1561 980 et
1581 948 1741 993 predicta
1757 949 1962 993 juramenta
1982 949 2237 994 prestiterunt:

370 1012 553 1046 Johannes
575 1014 619 1046 de
639 1013 734 1047 Villa
752 1014 875 1054 noval,
893 1013 1078 1046 Johannes
1099 1014 1287 1058 Pauperis,
1304 1014 1418 1046 Adam
1436 1014 1481 1046 de
1503 1014 1741 1056 Francovilla,
1759 1015 1975 1048 Franciscus
1996 1015 2237 1054 Lumbardus,

370 1080 618 1125 Leodegarius
653 1081 768 1113 Homo
798 1080 877 1121 Dei,
913 1081 1078 1113 Renerus
1113 1080 1158 1112 de
1192 1081 1394 1122 Tessenna,
1426 1080 1647 1114 Guillelmus
1682 1081 1726 1114 de
1761 1081 1948 1123 Gandavo,
1975 1081 2160 1115 Johannes
2195 1082 2239 1115 de

369 1148 507 1191 Longo,
529 1146 714 1179 Johannes
739 1147 885 1187 Camus,
916 1147 1021 1191 Hugo
1043 1146 1087 1178 de
1107 1146 1300 1191 Vigniaco,
1321 1148 1450 1180 Petrus
1472 1147 1516 1180 de
1538 1149 1664 1188 Puteo,
1685 1148 1814 1181 Petrus
1836 1148 1881 1181 de
1906 1149 2035 1190 Encra,
2055 1148 2240 1182 Johannes

368 1213 549 1258 Magistri,
582 1212 752 1246 Nicolaus
782 1212 826 1245 de
854 1212 970 1254 Valle,
1004 1212 1216 1258 Radulphus
1249 1213 1293 1246 de
1325 1215 1451 1255 Hotot,
1476 1213 1697 1247 Guillelmus
1728 1214 1772 1247 de
1803 1214 2043 1256 Escoucheio,
2073 1215 2240 1248 Andreas

368 1280 514 1321 Clerici,
536 1279 721 1313 Johannes
743 1279 787 1312 de
808 1278 972 1312 Almania
993 1286 1028 1312 et
1047 1279 1232 1313 Johannes
1254 1279 1298 1313 de
1318 1281 1463 1313 Janua⁵.

456 1347 499 1379 Et
520 1358 589 1391 ego
611 1346 769 1380 Garinus
790 1345 835 1378 dc
857 1345 1028 1387 Pruvino,
1051 1345 1208 1379 clericus
1230 1346 1456 1379 Senonensis
1477 1347 1649 1386 diocesis,
1674 1347 1842 1393 publicus
1863 1348 2075 1381 auctoritate
2095 1355 2241 1393 aposto-

366 1413 433 1446 lica
454 1413 632 1455 notarius,
653 1418 716 1446 etc.

458 1511 534 1534 Areh.
552 1514 605 1534 nat.
622 1510 706 1534 Paris.
720 1511 779 1535 MM.
792 1511 845 1539 266,
861 1519 887 1542 p.
906 1511 1020 1533 140-141.
1037 1524 1068 1527 —
1083 1510 1220 1534 Februarii
1231 1511 1269 1538 28,
1286 1510 1460 1534 cancellarius
1474 1514 1564 1534 contra
1582 1512 1732 1535 facultatem
1747 1515 1909 1544 protestatus
1925 1516 1973 1543 est,
1990 1517 2015 1537 et
2029 1514 2139 1537 facultas
2149 1517 2240 1537 contra

364 1555 560 1583 cancellarium,
579 1558 604 1578 et
627 1555 733 1587 quidem
753 1558 880 1587 quantum
896 1555 929 1578 ad
951 1555 1071 1578 licentias
1087 1555 1268 1578 conterendas.
1289 1555 1469 1578 Cancellarius
1489 1556 1579 1587 legens
1600 1557 1734 1580 scedulam
1755 1558 1898 1589 quamdam
1917 1557 1983 1581 dixit
2004 1558 2072 1581 inter
2095 1558 2164 1581 alia:
2188 1558 2240 1590 ipsi

364 1600 442 1623 liceat
460 1609 471 1622 a
487 1600 604 1631 recipere
614 1599 823 1630 presentationes
838 1599 1005 1630 singulorum
1020 1599 1209 1630 magistrorum
1225 1602 1251 1622 et
1265 1601 1383 1623 conferre
1398 1599 1531 1623 licentiam
1552 1600 1708 1624 buccaluriis
1724 1602 1931 1632 postulantibus,
1948 1602 2103 1626 examinatis
2122 1605 2210 1626 tamen
2226 1611 2242 1626 u

365 1644 501 1675 magistris
519 1644 587 1667 dicte
608 1643 750 1673 facultatis,
771 1647 851 1675 prout
868 1644 901 1666 ad
917 1652 957 1666 me
976 1647 1078 1675 spectat
1097 1644 1198 1667 ratione
1218 1644 1375 1667 cancellarie
1396 1652 1452 1668 mee
1471 1645 1555 1668 Paris.
1576 1648 1601 1668 et
1616 1646 1760 1669 secundum
1777 1646 1847 1677 jura,
1869 1646 2013 1678 privilegia
2034 1655 2081 1670 seu
2103 1647 2240 1671 libertates

364 1689 448 1720 ipsius
503 1697 554 1711 non
570 1688 714 1711 seeundum
731 1689 842 1711 formam
857 1688 1062 1719 presentationis
1078 1688 1146 1711 dicte
1162 1688 1294 1711 facultatis
1307 1689 1411 1712 ».1nter
1426 1689 1569 1720 magistros
1585 1690 1718 1713 facultatis
1733 1691 1877 1714 medicinae
1890 1694 1916 1714 et
1928 1691 2113 1715 nominantur:
2125 1692 2240 1715 Thomas

367 1733 398 1756 de
416 1733 511 1756 Sancto
529 1732 643 1763 Georgio
655 1735 680 1755 et
695 1732 853 1756 Guillelmus
869 1733 900 1755 de
914 1732 1054 1763 FriburgO.
1069 1732 1165 1755 Contra
1181 1733 1369 1756 cancellarium
1385 1741 1455 1765 mag.
1476 1734 1574 1757 Alanus
1589 1734 1620 1757 de
1635 1734 1740 1758 Pratis⁵
1758 1735 1880 1764 asseruit,
1896 1744 1908 1758 a
1924 1736 1993 1767 quod
2010 1736 2032 1759 si
2046 1739 2172 1768 tempore,
2189 1744 2240 1768 quo

363 1777 420 1809 ipse
436 1777 558 1808 deposuit
572 1784 661 1799 coram
676 1776 746 1799 dicto
761 1776 919 1799 cancellario
937 1785 985 1807 pro
1001 1776 1107 1799 licentia
1123 1777 1277 1800 ultimorum
1292 1777 1503 1801 baccalariorum
1519 1778 1587 1801 dicte
1605 1779 1738 1802 facultatis
1756 1779 1893 1810 medicine,
1912 1780 1969 1811 ipse
1989 1780 2111 1804 scivisset
2132 1788 2240 1812 respon·

365 1822 465 1845 sionem
483 1821 545 1844 dicti
560 1820 710 1844 cancellarii
724 1824 873 1844 contentam
889 1821 914 1844 in
933 1821 1002 1844 dicta
1018 1821 1111 1844 cedula
1126 1821 1207 1844 talem
1221 1821 1350 1852 extitisse,
1367 1822 1440 1845 nullo
1458 1823 1534 1845 modo
1552 1823 1720 1854 deposuisset
1735 1823 1786 1846 nisi
1807 1824 1856 1847 sub
1875 1824 2113 1855 protestationibus
2129 1833 2150 1848 i).
2170 1825 2237 1848 thid.

364 1875 391 1898 p.
407 1866 520 1890 146-147.

459 1951 481 1973 1.
498 1950 561 1973 Erat
576 1958 660 1973 annus
684 1949 771 1981 impar
789 1950 933 1973 secundum
953 1958 1054 1973 morem
1071 1950 1247 1974 Gallicanum.
1263 1951 1294 1975 V.
1314 1959 1396 1982 supra
1416 1956 1445 1974 n⁰
1464 1952 1519 1981 923,
1535 1955 1597 1975 nota
1612 1953 1634 1975 3.
1650 1965 1676 1970 —
1694 1953 1715 1975 2.
1731 1952 1797 1976 Ms.:
1816 1961 1827 1975 «
1845 1956 1871 1976 et
1886 1953 2040 1976 retulissent
2054 1961 2077 1977 »-
2089 1966 2121 1971 —
2138 1954 2161 1977 3.
2178 1953 2197 1977 I.
2215 1961 2237 1977 e.

362 1995 521 2026 juramenta.
536 2008 567 2012 —
581 1995 605 2018 [ι.
621 1994 712 2017 Plures
729 1993 893 2025 sequentium
909 2002 991 2025 supra
1011 1998 1040 2016 n⁰
1059 1995 1104 2017 925
1124 1998 1303 2018 recensentur.
1321 2009 1353 2013 —
1373 1998 1395 2019 5.
1418 1996 1446 2019 In
1466 1996 1529 2028 Reg.
1547 1996 1665 2028 Supplic.
1687 1997 1814 2020 Clement.
1833 1997 1874 2027 VI,
1891 2005 1932 2020 an.
1955 1997 1976 2026 1,
1997 2006 2024 2029 p.
2041 1998 2063 2026 2,
2081 1998 2126 2021 sol.
2149 1998 2187 2028 28,
2210 2001 2240 2021 ut

366 2048 377 2062 ι(
393 2039 540 2070 eirurgieus
557 2047 568 2061 >2
585 2038 740 2070 designatur
755 2038 808 2070 (an.
824 2038 902 2070 1343).
916 2052 943 2056 —
957 2040 979 2062 6.
996 2039 1024 2062 V.
1042 2039 1074 2062 de
1087 2038 1145 2070 ipso
1161 2039 1231 2062 infra
1246 2044 1275 2062 n⁰
1290 2040 1345 2063 941.

367 2175 480 2212 941.
509 2183 632 2217 Quidam
649 2183 816 2209 haccalarei
829 2182 984 2218 facultatis
1000 2183 1159 2209 medicinae
1172 2187 1276 2219 petant
1291 2188 1322 2210 ut
1338 2184 1456 2210 licentia
1471 2185 1529 2211 sihi
1542 2185 1633 2211 detur.

1552 2265 1626 2294 1332,
1642 2265 1730 2291 Martii
1739 2265 1783 2295 30,
1798 2264 1944 2300 [Parisiis]
1946 2285 1952 2291 .

457 2339 498 2371 In
538 2337 687 2370 nomine
717 2336 877 2377 Domini,
909 2348 1026 2368 amen.
1062 2337 1238 2370 Noverint
1268 2338 1431 2371 universi
1465 2338 1533 2372 hoc
1571 2351 1724 2384 presens
1750 2340 1935 2385 publicum
1958 2341 2239 2374 instrumentum

368 2404 581 2450 inspecturi,
603 2403 702 2448 quod
731 2414 825 2435 anno
847 2402 1011 2447 ejusdem
1044 2402 1239 2436 millesimo
1261 2405 1519 2438 trecentesimo
1542 2406 1726 2439 tricesimo
1756 2407 1873 2452 primo
1903 2407 2104 2440 secundum
2132 2419 2239 2441 usum

369 2472 549 2505 curiarum
580 2469 855 2510 Parisiensium,
889 2469 1089 2502 indictione
1116 2469 1240 2514 quinta
1273 2470 1424 2512 decima,
1452 2473 1590 2506 mensis
1620 2474 1739 2506 Martii
1767 2474 1825 2507 die
1855 2474 2067 2519 penultima,
2094 2473 2240 2507 circiter

367 2539 491 2571 horam
509 2537 659 2582 primam
675 2536 792 2581 ipsius
810 2535 895 2577 diei,
914 2535 1146 2580 pontificatus
1168 2537 1390 2570 sanctissimi
1411 2538 1448 2571 in
1465 2538 1612 2572 Christo
1634 2541 1746 2584 patris
1763 2547 1798 2573 et
1814 2541 1951 2573 domini
1968 2540 2085 2574 nostri
2101 2540 2239 2573 domini

369 2605 543 2638 Johannis
570 2603 691 2636 divina
718 2602 946 2647 providentia
971 2614 1061 2647 pape
1088 2603 1191 2636 XXII
1213 2615 1307 2636 anno
1330 2611 1432 2638 sexto
1454 2605 1609 2648 decimo,
1631 2606 1668 2639 in
1696 2607 1804 2640 domo
1825 2607 2058 2640 habitationis
2087 2618 2239 2640 venera-

368 2671 452 2703 bilis
481 2677 515 2703 et
535 2669 683 2702 discreti
707 2669 775 2702 viri
806 2668 970 2713 magistri
992 2668 1183 2714 Reginaldi
1213 2670 1260 2702 de
1288 2670 1509 2705 Cornemara
1539 2672 1666 2705 decani
1695 2673 1875 2706 medicine
1904 2674 1941 2706 in
1970 2674 2114 2707 civitate
2142 2673 2240 2706 Pari-

369 2737 495 2777 siensi,
527 2736 563 2768 in
593 2735 663 2767 mei
693 2735 823 2767 notarii
859 2734 996 2779 publici
1028 2742 1062 2768 et
1092 2736 1238 2768 testium
1273 2737 1587 2783 infrascriptorum
1615 2740 1811 2784 presentia,
1842 2740 1991 2773 insimul
2025 2738 2239 2785 congregati

368 2802 596 2837 venerabiles
628 2801 696 2834 viri
717 2801 881 2845 magistri
911 2801 1030 2834 dictus
1059 2802 1296 2847 Reginaldus,
1324 2803 1510 2838 Johannes
1541 2805 1660 2839 dictus
1687 2807 1788 2851 Pipe,
1818 2806 2007 2851 Philippus
2040 2806 2085 2838 de
2114 2805 2236 2845 Curia,

369 2871 480 2902 Hamo
510 2868 553 2900 de
584 2867 779 2911 Filigeriis,
815 2866 911 2899 Sello
940 2867 984 2899 de
1015 2867 1166 2909 Putheo,
1196 2868 1354 2903 Thomas
1383 2870 1429 2903 de
1464 2871 1572 2904 Santo
1603 2872 1779 2918 Georgio,
1812 2872 2006 2906 Gratianus
2027 2872 2073 2904 de
2103 2871 2236 2913 Brixia,

492 2928 530 2949 50.
