2534 3444
284 320 381 357 1346]
684 331 730 353 AB
764 331 869 353 Anno
903 329 1135 352 MCCLxxxw
1170 330 1301 358 USQUE
1335 330 1383 352 An
1418 330 1554 351 ANNUM
1589 330 1729 352 mcccc.
2080 318 2142 351 581

372 407 474 447 Item,
500 405 597 450 quod
624 416 704 437 cum
733 403 877 445 noticia,
900 415 969 448 que
998 409 1117 448 potest
1142 402 1267 435 haberi
1295 403 1338 435 de
1367 403 1476 436 rebus
1498 403 1697 436 secundum
1724 403 1931 448 apparentia
1955 402 2141 443 naturalia,

284 472 400 517 possit
426 471 550 505 haberi
575 471 612 503 in
637 470 780 503 modico
809 476 985 514 tempore,
1007 469 1157 502 multum
1187 469 1383 502 admiratur
1410 470 1507 514 quod
1535 469 1646 514 aliqui
1673 469 1821 502 student
1844 469 1880 501 in
1901 469 2089 501 Aristotile
2110 475 2144 501 et

283 543 564 572 commentatore
592 548 708 581 usque
735 536 779 569 ad
806 542 935 569 etatem
963 535 1197 580 decrepitam,
1220 542 1254 568 ot
1280 542 1428 580 propter
1453 547 1577 568 eorum
1600 547 1788 568 sermones
1813 535 1954 580 logicos
1976 535 2146 567 deserant

285 616 342 638 res
363 604 518 638 morales
546 610 581 636 et
607 615 727 636 curam
756 602 843 636 boni
870 602 1086 644 communis,
1110 608 1145 634 et
1171 602 1208 634 in
1234 608 1370 635 tantum
1397 601 1507 646 quod,
1530 614 1611 634 cum
1636 602 1876 634 insurrexerit
1895 601 2031 634 amicus
2051 601 2146 634 veri-

283 671 378 712 tatis,
400 670 540 703 scilicet
560 670 726 714 ipsemet,
749 676 784 702 et
808 669 892 702 fecit
917 680 1047 702 sonare
1074 668 1193 701 tubam
1216 680 1317 701 suam
1340 674 1379 701 ut
1399 668 1622 701 dormientes
1642 680 1659 700 a
1682 679 1834 712 sompno
1856 667 2037 708 excitaret,
2061 679 2146 699 con-

283 737 413 770 tristati
440 743 525 770 sunt
548 736 665 777 valde,
695 742 730 768 et
754 736 857 781 quasi
882 735 1007 769 armati
1031 735 1075 768 ad
1101 734 1252 780 capitale
1272 734 1408 767 bellum
1430 742 1555 768 contra
1575 747 1656 767 eum
1682 734 1867 767 irruerunt
1885 735 1960 778 (35).
1986 754 2031 758 —
2058 734 2147 767 Pre-

281 809 534 848 sumptuosum.

372 871 473 911 Item,
497 869 594 915 quod
619 881 678 902 res
703 869 868 902 absolute
891 874 1157 914 permanentes,
1180 868 1225 901 de
1251 868 1384 913 quibus
1406 868 1538 901 dicitur
1554 868 1794 901 communiter
1814 867 1911 912 quod
1927 873 2148 912 generantur

282 943 318 970 et
337 942 631 981 corrumpuntur,
658 942 743 969 sunt
767 942 891 968 eterne
912 935 989 969 sive
1010 935 1083 968 sint
1103 934 1305 968 substantie
1323 935 1400 969 sive
1416 934 1616 968 accidentia
1633 934 1707 978 (36).
1724 955 1768 959 —
1782 934 1942 976 Falsum,
1963 944 2148 967 erroneum

282 1008 315 1037 et
336 1003 539 1037 hereticum.

374 1071 475 1111 Item,
499 1069 596 1114 quod
616 1069 653 1101 in
674 1068 785 1101 rebus
806 1068 1030 1101 naturalibus
1051 1080 1124 1101 non
1146 1074 1201 1101 est
1221 1068 1292 1100 nisi
1313 1074 1433 1100 motus
1455 1067 1595 1110 localis,
1617 1067 1758 1101 scilicet
1773 1065 2094 1112 [congregation]is
2116 1072 2151 1098 et

284 1136 581 1181 disgregationis,
613 1136 660 1168 ita
686 1135 784 1180 quod
813 1135 956 1180 quando
985 1135 1030 1168 ad
1057 1134 1162 1168 talem
1192 1141 1327 1167 motum
1356 1134 1535 1179 sequitu[r
1556 1134 1807 1179 congregatio]
1829 1145 2022 1178 corporum
2050 1132 2150 1165 atho-

285 1202 430 1235 malium
452 1202 681 1243 naturalium,
703 1202 928 1247 colliguntur
948 1201 992 1234 ad
1013 1201 1167 1235 invicem
1190 1205 1238 1242 [et
1258 1201 1461 1234 sortiuntur
1481 1205 1654 1242 n]aturam
1677 1201 1785 1234 unius
1806 1200 1999 1245 suppositi,
2019 1199 2150 1232 dicitur

285 1269 489 1314 generatim
521 1269 665 1314 quando
696 1273 961 1314 seg[regantur,
991 1268 1124 1301 dicitur
1151 1268 1372 1312 corrup]cio;
1402 1274 1438 1300 et
1462 1268 1606 1312 quando
1635 1279 1699 1312 per
1719 1274 1855 1300 motum
1877 1266 2028 1299 localem
2050 1265 2150 1298 atho-

285 1336 389 1369 malia
411 1340 508 1377 sun[t
541 1348 621 1369 cum
656 1335 777 1380 aliquo
812 1335 1028 1380 supposit]o,
1064 1346 1134 1379 que
1168 1334 1259 1367 fiunt
1293 1334 1387 1376 talia,
1423 1335 1520 1379 quod
1552 1347 1617 1367 nec
1647 1335 1824 1368 adventus
1854 1334 1998 1366 illorum
2030 1333 2148 1377 facere

284 1403 440 1444 vi[detur
466 1402 510 1435 ad
537 1409 673 1435 motum
701 1402 894 1447 supp]ositi
914 1401 971 1435 vel
999 1403 1043 1434 ad
1070 1401 1106 1434 id
1131 1401 1229 1446 quod
1255 1401 1387 1434 dicitur
1407 1401 1569 1446 operatio
1591 1401 1764 1434 naturalis
1786 1402 1879 1445 ejus,
1900 1404 1997 1441 t[unc
2018 1400 2150 1432 dicitur

285 1469 459 1510 alteratio]
476 1470 553 1513 (37).
570 1490 614 1493 —
631 1468 788 1510 Falsum,
810 1479 994 1502 erroneum
1014 1473 1048 1501 et
1067 1467 1270 1501 hereticum.

374 1537 476 1578 Item,
495 1535 592 1580 quod
612 1535 735 1568 lumen
756 1534 868 1568 nichil
889 1534 987 1567 aliud
1008 1541 1075 1576 est,
1093 1546 1198 1578 quam
1220 1534 1373 1579 quedam
1395 1546 1547 1580 corpora
1569 1539 1651 1579 [que
1672 1538 1763 1575 nata]
1785 1540 1870 1567 sunt
1890 1533 1993 1578 sequi
2014 1539 2151 1566 motum

286 1602 389 1644 solis,
411 1614 476 1635 seu
504 1602 609 1635 etiam
637 1602 787 1635 alterius
815 1601 981 1646 corporis
1009 1601 1197 1643 luminosi,
1224 1601 1271 1634 ita
1299 1601 1396 1646 quod
1423 1601 1462 1634 fit
1490 1613 1553 1646 per
1580 1608 1714 1634 motum
1742 1600 1894 1633 localem
1921 1600 2042 1633 talium
2071 1611 2152 1632 cor-

286 1681 413 1714 porum
435 1669 704 1703 advenientium
730 1669 774 1701 ad
801 1668 1019 1713 presentiam
1042 1667 1208 1712 corporis
1228 1667 1414 1701 luminosi.
1444 1669 1488 1700 Et
1507 1668 1538 1701 si
1560 1668 1700 1701 dicatur
1718 1667 1816 1712 quod
1837 1679 1911 1699 non
1932 1672 2054 1711 potest
2074 1666 2152 1698 fieri

286 1747 350 1781 per
370 1742 506 1768 motum
532 1735 696 1777 localem,
720 1735 803 1780 quia
832 1735 869 1767 in
890 1734 1038 1767 instanti
1064 1733 1114 1775 fit,
1137 1734 1348 1779 respondet,
1372 1735 1469 1779 quod
1495 1747 1577 1779 ymo
1603 1734 1642 1767 fit
1661 1734 1699 1767 in
1719 1741 1882 1779 tempore
1909 1733 2004 1766 sicut
2023 1744 2151 1773 sonUS,

286 1802 371 1835 licet
390 1814 463 1835 non
484 1802 726 1847 percipiamus
748 1802 846 1847 quod
866 1802 905 1834 fit
925 1800 1046 1834 subito
1065 1801 1142 1844 (38).
1157 1821 1201 1824 —
1215 1800 1433 1835 Erroneum.

376 1870 478 1911 Item,
509 1869 607 1914 quod
636 1869 847 1902 universum
879 1874 934 1901 est
963 1867 1268 1912 perfectissimum
1299 1867 1499 1900 secundum
1522 1879 1561 1900 se
1594 1874 1629 1900 et
1649 1867 1849 1900 seeundum
1875 1878 2004 1899 omnes
2029 1872 2149 1910 partes

286 1947 383 1977 suas,
406 1942 442 1969 et
461 1936 559 1980 quod
580 1935 678 1968 nulla
699 1935 924 1980 imperfectio
946 1940 1066 1979 potest
1086 1945 1168 1966 esse
1189 1934 1226 1966 in
1246 1940 1320 1966 toto
1341 1946 1407 1967 nec
1428 1935 1465 1967 in
1487 1934 1663 1979 partibus,
1693 1940 1729 1966 et
1757 1940 1905 1978 propter
1921 1933 1988 1966 hoc
2010 1938 2152 1977 oportet

286 2009 355 2035 tam
383 2009 497 2035 totum
525 2014 630 2047 quam
661 2008 780 2047 partes
808 2013 890 2034 esse
918 2007 1054 2042 eterna,
1083 2012 1149 2033 nec
1181 2001 1336 2033 transire
1362 2001 1406 2033 de
1433 2013 1506 2034 non
1536 2013 1617 2034 esse
1643 2001 1679 2033 in
1705 2012 1800 2042 esse,
1825 2012 1891 2032 nec
1918 2011 1937 2032 e
1958 2010 2149 2039 converso,

286 2069 369 2114 quia
398 2069 443 2102 ad
462 2069 561 2102 istud
589 2069 764 2114 sequitur}
784 2067 993 2101 necessario
1023 2067 1059 2099 in
1094 2067 1265 2100 universo
1294 2068 1352 2101 vel
1381 2068 1418 2100 in
1448 2068 1611 2113 partibus
1646 2069 1725 2112 ejus
1754 2067 1979 2111 imperfectio
2004 2067 2082 2109 (39).
2109 2085 2153 2089 —

285 2136 431 2170 Falsum
451 2141 484 2169 et
505 2147 702 2170 erroneum.

378 2203 480 2244 Item,
516 2202 613 2246 quod
648 2202 822 2247 quicquid
858 2208 914 2234 est
948 2201 985 2233 in
1019 2200 1192 2234 universo
1227 2208 1283 2234 est
1315 2202 1445 2235 melius
1480 2202 1613 2247 ipsum,
1640 2213 1745 2245 quam
1763 2212 1835 2233 non
1866 2200 1985 2244 ipsum
2007 2199 2084 2241 (40).
2110 2217 2154 2223 -

287 2268 445 2303 Falsum.

379 2336 481 2376 Item,
504 2335 602 2379 quod
623 2334 692 2368 due
714 2336 902 2369 albedines
923 2337 981 2370 vel
998 2348 1214 2382 quecunque
1240 2336 1311 2368 duo
1337 2335 1523 2368 individua
1544 2334 1707 2378 ejusdem
1730 2333 1879 2378 speciei,
1901 2344 1981 2365 cum
2002 2331 2153 2365 veniunt

290 2402 333 2434 ad
364 2413 512 2434 sensum
540 2408 575 2434 et
604 2401 841 2444 intellectum,
863 2410 902 2436 ut
929 2404 1052 2436 eadem
1081 2415 1140 2436 res
1169 2403 1315 2436 omnino
1347 2408 1431 2434 sunt
1460 2401 1598 2442 eadem,
1631 2400 1777 2432 omnino
1808 2411 1874 2432 nec
1901 2398 2009 2431 debet
2033 2398 2070 2430 in
2100 2397 2153 2430 eis

291 2468 416 2513 negari
450 2468 581 2512 aliquis
614 2469 749 2513 gradus
783 2469 1032 2514 idemptitatis,
1067 2476 1385 2515 quantumcunque
1418 2468 1490 2500 sint
1519 2468 1555 2499 in
1588 2466 1743 2500 diversis
1763 2466 1894 2499 sitibus
1927 2464 1985 2499 vel
2019 2475 2153 2509 suppo-

292 2535 371 2567 sitis
389 2535 466 2578 (41).
483 2554 527 2559 —
541 2534 686 2568 Falsum
707 2540 739 2568 et
757 2535 960 2570 hereticum.

381 2602 469 2633 Item
492 2601 602 2645 [quod
623 2601 824 2646 premiatio]
851 2602 1029 2635 bonorum
1053 2609 1088 2635 et
1112 2602 1252 2647 punitio
1279 2601 1454 2634 malorum
1475 2612 1539 2646 per
1559 2600 1627 2632 hoc
1648 2600 1698 2641 fit,
1722 2599 1803 2644 quia
1825 2598 1968 2643 quando
1990 2600 2155 2642 corpo[ra

292 2667 493 2707 athomalia]
525 2674 777 2712 segregantur,
811 2675 973 2701 remanet
1002 2669 1145 2713 quidam
1177 2668 1339 2713 spirituS,
1376 2667 1437 2712 qui
1467 2667 1598 2699 dicitur
1633 2665 1864 2707 in[tellectus,
1895 2671 1930 2697 et
1960 2664 2064 2704 alius]
2095 2663 2156 2708 qui

293 2734 425 2767 dicitur
453 2745 598 2775 sensus,
620 2740 655 2766 et
682 2734 741 2767 isti
769 2735 920 2779 spiritus
948 2735 1041 2768 sicut
1068 2735 1103 2767 in
1132 2735 1227 2767 bono
1256 2739 1307 2775 s[e
1335 2733 1514 2766 habebant
1539 2733 1575 2765 in
1601 2733 1745 2778 optima]
1767 2731 2022 2777 dispositione,
2044 2730 2096 2763 sic
2117 2741 2156 2762 se

293 2799 477 2833 habebunt
506 2800 680 2833 infinities
711 2801 912 2834 secundum
949 2802 1046 2846 quod
1075 2801 1148 2842 [illa
1177 2801 1364 2835 individua
1393 2799 1580 2841 in]finities
1608 2798 1941 2844 congregabuntur,
1974 2803 2010 2830 et
2040 2797 2092 2829 sic
2120 2795 2158 2829 in

293 2866 361 2900 hoc
382 2866 501 2900 bonus
529 2867 788 2912 premia[bitur,
818 2868 933 2901 malus
961 2872 1091 2909 autem]
1117 2868 1299 2914 punietur,
1322 2868 1405 2913 quia
1429 2867 1603 2900 infinities
1625 2866 1768 2912 quando
1790 2865 1978 2899 iterabitur
2003 2874 2156 2909 congre-
