<?xml version="1.0" encoding="UTF-8"?>
<!DOCTYPE html PUBLIC "-//W3C//DTD XHTML 1.0 Transitional//EN"
    "http://www.w3.org/TR/xhtml1/DTD/xhtml1-transitional.dtd">
<html xmlns="http://www.w3.org/1999/xhtml" xml:lang="en" lang="en">
 <head>
  <title>
</title>
<meta http-equiv="Content-Type" content="text/html;charset=utf-8" />
  <meta name='ocr-system' content='tesseract 3.04.00' />
  <meta name='ocr-capabilities' content='ocr_page ocr_carea ocr_par ocr_line ocrx_word'/>
</head>
<body>
  <div class='ocr_page' id='page_1' title='image "./chartulariumuniv02univuoft_0773.png"; bbox 0 0 2534 3444; ppageno 0'>
   <div class='ocr_carea' id='block_1_1' title="bbox 1118 341 1283 363">
    <p class='ocr_par' dir='ltr' id='par_1_1' title="bbox 1118 341 1283 363">
     <span class='ocr_line' id='line_1_1' title="bbox 1118 341 1283 363; baseline 0 -1"><span class='ocrx_word' id='word_1_1' title='bbox 1118 341 1283 363; x_wconf 69' lang='lat' dir='ltr'><strong>TABULA.</strong></span> 
     </span>
    </p>
   </div>
   <div class='ocr_carea' id='block_1_2' title="bbox 2071 333 2134 366">
    <p class='ocr_par' dir='ltr' id='par_1_2' title="bbox 2071 333 2134 366">
     <span class='ocr_line' id='line_1_2' title="bbox 2071 333 2134 366; baseline 0.016 -1"><span class='ocrx_word' id='word_1_2' title='bbox 2071 333 2134 366; x_wconf 89' lang='lat'>743</span> 
     </span>
    </p>
   </div>
   <div class='ocr_carea' id='block_1_3' title="bbox 272 409 2132 449">
    <p class='ocr_par' dir='ltr' id='par_1_3' title="bbox 272 409 2132 449">
     <span class='ocr_line' id='line_1_3' title="bbox 272 409 2132 449; baseline -0.004 -19"><span class='ocrx_word' id='word_1_3' title='bbox 272 409 2132 449; x_wconf 39' lang='lat' dir='ltr'>mss———ssffl———ss—w—</span> 
     </span>
    </p>
   </div>
   <div class='ocr_carea' id='block_1_4' title="bbox 274 457 334 480">
    <p class='ocr_par' dir='ltr' id='par_1_4' title="bbox 274 457 334 480">
     <span class='ocr_line' id='line_1_4' title="bbox 274 457 334 480; baseline 0 0"><span class='ocrx_word' id='word_1_4' title='bbox 274 457 334 480; x_wconf 82' lang='grc'><strong>1015</strong></span> 
     </span>
    </p>
   </div>
   <div class='ocr_carea' id='block_1_5' title="bbox 274 559 334 582">
    <p class='ocr_par' dir='ltr' id='par_1_5' title="bbox 274 559 334 582">
     <span class='ocr_line' id='line_1_5' title="bbox 274 559 334 582; baseline -0.017 0"><span class='ocrx_word' id='word_1_5' title='bbox 274 559 334 582; x_wconf 81' lang='grc'><strong>1016</strong></span> 
     </span>
    </p>
   </div>
   <div class='ocr_carea' id='block_1_6' title="bbox 274 617 332 639">
    <p class='ocr_par' dir='ltr' id='par_1_6' title="bbox 274 617 332 639">
     <span class='ocr_line' id='line_1_6' title="bbox 274 617 332 639; baseline 0 0"><span class='ocrx_word' id='word_1_6' title='bbox 274 617 332 639; x_wconf 91' lang='grc'><strong>1017</strong></span> 
     </span>
    </p>
   </div>
   <div class='ocr_carea' id='block_1_7' title="bbox 273 673 333 697">
    <p class='ocr_par' dir='ltr' id='par_1_7' title="bbox 273 673 333 697">
     <span class='ocr_line' id='line_1_7' title="bbox 273 673 333 697; baseline 0.017 -1"><span class='ocrx_word' id='word_1_7' title='bbox 273 673 333 697; x_wconf 87' lang='grc'><strong>1018</strong></span> 
     </span>
    </p>
   </div>
   <div class='ocr_carea' id='block_1_8' title="bbox 272 821 332 844">
    <p class='ocr_par' dir='ltr' id='par_1_8' title="bbox 272 821 332 844">
     <span class='ocr_line' id='line_1_8' title="bbox 272 821 332 844; baseline 0 0"><span class='ocrx_word' id='word_1_8' title='bbox 272 821 332 844; x_wconf 84' lang='grc'><strong>1019</strong></span> 
     </span>
    </p>
   </div>
   <div class='ocr_carea' id='block_1_9' title="bbox 271 923 332 946">
    <p class='ocr_par' dir='ltr' id='par_1_9' title="bbox 271 923 332 946">
     <span class='ocr_line' id='line_1_9' title="bbox 271 923 332 946; baseline 0 0"><span class='ocrx_word' id='word_1_9' title='bbox 271 923 332 946; x_wconf 87' lang='grc'><strong>1020</strong></span> 
     </span>
    </p>
   </div>
   <div class='ocr_carea' id='block_1_10' title="bbox 271 1025 329 1048">
    <p class='ocr_par' dir='ltr' id='par_1_10' title="bbox 271 1025 329 1048">
     <span class='ocr_line' id='line_1_10' title="bbox 271 1025 329 1048; baseline 0 0"><span class='ocrx_word' id='word_1_10' title='bbox 271 1025 329 1048; x_wconf 92' lang='grc'><strong>1021</strong></span> 
     </span>
    </p>
   </div>
   <div class='ocr_carea' id='block_1_11' title="bbox 270 1172 329 1194">
    <p class='ocr_par' dir='ltr' id='par_1_11' title="bbox 270 1172 329 1194">
     <span class='ocr_line' id='line_1_11' title="bbox 270 1172 329 1194; baseline 0 0"><span class='ocrx_word' id='word_1_11' title='bbox 270 1172 329 1194; x_wconf 90' lang='grc'><strong>1022</strong></span> 
     </span>
    </p>
   </div>
   <div class='ocr_carea' id='block_1_12' title="bbox 269 1273 329 1297">
    <p class='ocr_par' dir='ltr' id='par_1_12' title="bbox 269 1273 329 1297">
     <span class='ocr_line' id='line_1_12' title="bbox 269 1273 329 1297; baseline 0.017 -1"><span class='ocrx_word' id='word_1_12' title='bbox 269 1273 329 1297; x_wconf 88' lang='grc'><strong>1023</strong></span> 
     </span>
    </p>
   </div>
   <div class='ocr_carea' id='block_1_13' title="bbox 268 1375 328 1456">
    <p class='ocr_par' dir='ltr' id='par_1_13' title="bbox 268 1375 328 1456">
     <span class='ocr_line' id='line_1_13' title="bbox 268 1375 328 1398; baseline 0.017 -1"><span class='ocrx_word' id='word_1_13' title='bbox 268 1375 328 1398; x_wconf 89' lang='grc'><strong>1024</strong></span> 
     </span>
     <span class='ocr_line' id='line_1_14' title="bbox 268 1432 328 1456; baseline 0.017 -1"><span class='ocrx_word' id='word_1_14' title='bbox 268 1432 328 1456; x_wconf 87' lang='grc'><strong>1025</strong></span> 
     </span>
    </p>
   </div>
   <div class='ocr_carea' id='block_1_14' title="bbox 267 1534 328 1558">
    <p class='ocr_par' dir='ltr' id='par_1_14' title="bbox 267 1534 328 1558">
     <span class='ocr_line' id='line_1_15' title="bbox 267 1534 328 1558; baseline 0.016 -1"><span class='ocrx_word' id='word_1_15' title='bbox 267 1534 328 1558; x_wconf 89' lang='grc'><strong>1026</strong></span> 
     </span>
    </p>
   </div>
   <div class='ocr_carea' id='block_1_15' title="bbox 266 1637 325 1661">
    <p class='ocr_par' dir='ltr' id='par_1_15' title="bbox 266 1637 325 1661">
     <span class='ocr_line' id='line_1_16' title="bbox 266 1637 325 1661; baseline 0.017 -1"><span class='ocrx_word' id='word_1_16' title='bbox 266 1637 325 1661; x_wconf 88' lang='grc'><strong>1027</strong></span> 
     </span>
    </p>
   </div>
   <div class='ocr_carea' id='block_1_16' title="bbox 265 1739 326 1936">
    <p class='ocr_par' dir='ltr' id='par_1_16' title="bbox 265 1739 326 1936">
     <span class='ocr_line' id='line_1_17' title="bbox 265 1739 325 1762; baseline 0 0"><span class='ocrx_word' id='word_1_17' title='bbox 265 1739 325 1762; x_wconf 90' lang='grc'><strong>1028</strong></span> 
     </span>
     <span class='ocr_line' id='line_1_18' title="bbox 265 1797 325 1821; baseline 0.017 -1"><span class='ocrx_word' id='word_1_18' title='bbox 265 1797 325 1821; x_wconf 85' lang='grc'><strong>1029</strong></span> 
     </span>
     <span class='ocr_line' id='line_1_19' title="bbox 265 1855 326 1878; baseline 0.016 -1"><span class='ocrx_word' id='word_1_19' title='bbox 265 1855 326 1878; x_wconf 90' lang='grc'><strong>1030</strong></span> 
     </span>
     <span class='ocr_line' id='line_1_20' title="bbox 265 1913 323 1936; baseline 0.017 -1"><span class='ocrx_word' id='word_1_20' title='bbox 265 1913 323 1936; x_wconf 89' lang='grc'><strong>1031</strong></span> 
     </span>
    </p>
   </div>
   <div class='ocr_carea' id='block_1_17' title="bbox 265 2014 326 2095">
    <p class='ocr_par' dir='ltr' id='par_1_17' title="bbox 265 2014 326 2095">
     <span class='ocr_line' id='line_1_21' title="bbox 265 2014 326 2037; baseline 0 0"><span class='ocrx_word' id='word_1_21' title='bbox 265 2014 326 2037; x_wconf 82' lang='grc'><strong>1032</strong></span> 
     </span>
     <span class='ocr_line' id='line_1_22' title="bbox 266 2072 326 2095; baseline 0.017 -1"><span class='ocrx_word' id='word_1_22' title='bbox 266 2072 326 2095; x_wconf 90' lang='grc'><strong>1033</strong></span> 
     </span>
    </p>
   </div>
   <div class='ocr_carea' id='block_1_18' title="bbox 266 2174 327 2197">
    <p class='ocr_par' dir='ltr' id='par_1_18' title="bbox 266 2174 327 2197">
     <span class='ocr_line' id='line_1_23' title="bbox 266 2174 327 2197; baseline 0.016 -1"><span class='ocrx_word' id='word_1_23' title='bbox 266 2174 327 2197; x_wconf 88' lang='grc'><strong>1034</strong></span> 
     </span>
    </p>
   </div>
   <div class='ocr_carea' id='block_1_19' title="bbox 266 2280 326 2365">
    <p class='ocr_par' dir='ltr' id='par_1_19' title="bbox 266 2280 326 2365">
     <span class='ocr_line' id='line_1_24' title="bbox 266 2280 326 2303; baseline 0.017 -1"><span class='ocrx_word' id='word_1_24' title='bbox 266 2280 326 2303; x_wconf 90' lang='grc'><strong>1035</strong></span> 
     </span>
     <span class='ocr_line' id='line_1_25' title="bbox 266 2342 326 2365; baseline 0.017 -1"><span class='ocrx_word' id='word_1_25' title='bbox 266 2342 326 2365; x_wconf 88' lang='grc'><strong>1036</strong></span> 
     </span>
    </p>
   </div>
   <div class='ocr_carea' id='block_1_20' title="bbox 266 2449 324 2471">
    <p class='ocr_par' dir='ltr' id='par_1_20' title="bbox 266 2449 324 2471">
     <span class='ocr_line' id='line_1_26' title="bbox 266 2449 324 2471; baseline 0 0"><span class='ocrx_word' id='word_1_26' title='bbox 266 2449 324 2471; x_wconf 83' lang='grc'><strong>1037</strong></span> 
     </span>
    </p>
   </div>
   <div class='ocr_carea' id='block_1_21' title="bbox 265 2556 325 2579">
    <p class='ocr_par' dir='ltr' id='par_1_21' title="bbox 265 2556 325 2579">
     <span class='ocr_line' id='line_1_27' title="bbox 265 2556 325 2579; baseline 0 -1"><span class='ocrx_word' id='word_1_27' title='bbox 265 2556 325 2579; x_wconf 84' lang='grc'><strong>1038</strong></span> 
     </span>
    </p>
   </div>
   <div class='ocr_carea' id='block_1_22' title="bbox 266 2705 326 2729">
    <p class='ocr_par' dir='ltr' id='par_1_22' title="bbox 266 2705 326 2729">
     <span class='ocr_line' id='line_1_28' title="bbox 266 2705 326 2729; baseline 0.017 -1"><span class='ocrx_word' id='word_1_28' title='bbox 266 2705 326 2729; x_wconf 86' lang='grc'><strong>1039</strong></span> 
     </span>
    </p>
   </div>
   <div class='ocr_carea' id='block_1_23' title="bbox 265 2811 326 2834">
    <p class='ocr_par' dir='ltr' id='par_1_23' title="bbox 265 2811 326 2834">
     <span class='ocr_line' id='line_1_29' title="bbox 265 2811 326 2834; baseline 0.016 -1"><span class='ocrx_word' id='word_1_29' title='bbox 265 2811 326 2834; x_wconf 85' lang='grc'><strong>1040</strong></span> 
     </span>
    </p>
   </div>
   <div class='ocr_carea' id='block_1_24' title="bbox 350 430 361 2578">
    <p class='ocr_par' dir='ltr' id='par_1_24' title="bbox 350 430 361 2578">
     <span class='ocr_line' id='line_1_30' title="bbox 350 430 361 2578; baseline 0 0"><span class='ocrx_word' id='word_1_30' title='bbox 350 430 361 2578; x_wconf 95' lang='lat' dir='ltr'> </span> 
     </span>
    </p>
   </div>
   <div class='ocr_carea' id='block_1_25' title="bbox 532 428 537 943">
    <p class='ocr_par' dir='ltr' id='par_1_25' title="bbox 532 428 537 943">
     <span class='ocr_line' id='line_1_31' title="bbox 532 428 537 943; baseline 0 0"><span class='ocrx_word' id='word_1_31' title='bbox 532 428 537 943; x_wconf 95' lang='lat' dir='ltr'> </span> 
     </span>
    </p>
   </div>
   <div class='ocr_carea' id='block_1_26' title="bbox 526 1113 535 2917">
    <p class='ocr_par' dir='ltr' id='par_1_26' title="bbox 526 1113 535 2917">
     <span class='ocr_line' id='line_1_32' title="bbox 526 1113 535 2917; baseline 0 0"><span class='ocrx_word' id='word_1_32' title='bbox 526 1113 535 2917; x_wconf 95' lang='lat' dir='ltr'> </span> 
     </span>
    </p>
   </div>
   <div class='ocr_carea' id='block_1_27' title="bbox 601 458 702 482">
    <p class='ocr_par' dir='ltr' id='par_1_27' title="bbox 601 458 702 482">
     <span class='ocr_line' id='line_1_33' title="bbox 601 458 702 482; baseline -0.01 0"><span class='ocrx_word' id='word_1_33' title='bbox 601 458 662 482; x_wconf 88' lang='lat' dir='ltr'>Maii</span> <span class='ocrx_word' id='word_1_34' title='bbox 676 459 702 482; x_wconf 90' lang='grc'>31</span> 
     </span>
    </p>
   </div>
   <div class='ocr_carea' id='block_1_28' title="bbox 548 561 757 948">
    <p class='ocr_par' dir='ltr' id='par_1_28' title="bbox 548 561 757 948">
     <span class='ocr_line' id='line_1_34' title="bbox 548 561 757 592; baseline 0.01 -9"><span class='ocrx_word' id='word_1_35' title='bbox 548 561 710 592; x_wconf 74' lang='lat' dir='ltr'><strong>Septembris</strong></span> <span class='ocrx_word' id='word_1_36' title='bbox 729 562 757 585; x_wconf 84' lang='lat'>12</span> 
     </span>
     <span class='ocr_line' id='line_1_35' title="bbox 561 619 743 643; baseline 0.011 -2"><span class='ocrx_word' id='word_1_37' title='bbox 561 619 715 642; x_wconf 78' lang='lat' dir='ltr'>Novembris</span> <span class='ocrx_word' id='word_1_38' title='bbox 731 621 743 643; x_wconf 92' lang='lat'><em>7</em></span> 
     </span>
     <span class='ocr_line' id='line_1_36' title="bbox 578 676 726 708; baseline 0.007 -9"><span class='ocrx_word' id='word_1_39' title='bbox 578 676 675 708; x_wconf 79' lang='lat' dir='ltr'>Aprilis</span> <span class='ocrx_word' id='word_1_40' title='bbox 697 679 726 700; x_wconf 87' lang='lat'>30</span> 
     </span>
     <span class='ocr_line' id='line_1_37' title="bbox 599 823 705 847; baseline 0.009 -1"><span class='ocrx_word' id='word_1_41' title='bbox 599 823 660 846; x_wconf 86' lang='lat' dir='ltr'>Maii</span> <span class='ocrx_word' id='word_1_42' title='bbox 675 823 705 847; x_wconf 87' lang='lat'>15</span> 
     </span>
     <span class='ocr_line' id='line_1_38' title="bbox 618 924 685 948; baseline -0.015 0"><span class='ocrx_word' id='word_1_43' title='bbox 618 924 685 948; x_wconf 80' lang='lat' dir='ltr'>Maio</span> 
     </span>
    </p>
   </div>
   <div class='ocr_carea' id='block_1_29' title="bbox 605 1026 695 1050">
    <p class='ocr_par' dir='ltr' id='par_1_29' title="bbox 605 1026 695 1050">
     <span class='ocr_line' id='line_1_39' title="bbox 605 1026 695 1050; baseline 0.011 -1"><span class='ocrx_word' id='word_1_44' title='bbox 605 1026 669 1050; x_wconf 86' lang='lat' dir='ltr'>Julii</span> <span class='ocrx_word' id='word_1_45' title='bbox 684 1027 695 1050; x_wconf 80' lang='lat' dir='ltr'>‘l</span> 
     </span>
    </p>
   </div>
   <div class='ocr_carea' id='block_1_30' title="bbox 545 1174 754 1204">
    <p class='ocr_par' dir='ltr' id='par_1_30' title="bbox 545 1174 754 1204">
     <span class='ocr_line' id='line_1_40' title="bbox 545 1174 754 1204; baseline 0 -8"><span class='ocrx_word' id='word_1_46' title='bbox 545 1174 705 1204; x_wconf 74' lang='lat' dir='ltr'>Septembris</span> <span class='ocrx_word' id='word_1_47' title='bbox 726 1174 754 1196; x_wconf 84' lang='lat'>12</span> 
     </span>
    </p>
   </div>
   <div class='ocr_carea' id='block_1_31' title="bbox 615 1277 753 1299">
    <p class='ocr_par' dir='ltr' id='par_1_31' title="bbox 615 1277 753 1299">
     <span class='ocr_line' id='line_1_41' title="bbox 615 1277 753 1299; baseline 0.007 -1"><span class='ocrx_word' id='word_1_48' title='bbox 615 1289 640 1292; x_wconf 80' lang='lat'>—</span> <span class='ocrx_word' id='word_1_49' title='bbox 725 1277 753 1299; x_wconf 84' lang='lat'>25</span> 
     </span>
    </p>
   </div>
   <div class='ocr_carea' id='block_1_32' title="bbox 542 1378 752 1466">
    <p class='ocr_par' dir='ltr' id='par_1_32' title="bbox 542 1378 752 1466">
     <span class='ocr_line' id='line_1_42' title="bbox 612 1378 752 1400; baseline 0 0"><span class='ocrx_word' id='word_1_50' title='bbox 612 1390 640 1394; x_wconf 90' lang='lat'><em>-</em></span> <span class='ocrx_word' id='word_1_51' title='bbox 724 1378 752 1400; x_wconf 82' lang='lat'>27</span> 
     </span>
     <span class='ocr_line' id='line_1_43' title="bbox 542 1435 751 1466; baseline 0.005 -9"><span class='ocrx_word' id='word_1_52' title='bbox 542 1435 751 1466; x_wconf 83' lang='lat' dir='ltr'>Apr.-Septemb.</span> 
     </span>
    </p>
   </div>
   <div class='ocr_carea' id='block_1_33' title="bbox 573 1536 722 1560">
    <p class='ocr_par' dir='ltr' id='par_1_33' title="bbox 573 1536 722 1560">
     <span class='ocr_line' id='line_1_44' title="bbox 573 1536 722 1560; baseline -0.007 0"><span class='ocrx_word' id='word_1_53' title='bbox 573 1536 693 1560; x_wconf 84' lang='lat' dir='ltr'><strong>Octobris</strong></span> <span class='ocrx_word' id='word_1_54' title='bbox 708 1538 722 1559; x_wconf 90' lang='grc'><strong>6</strong></span> 
     </span>
    </p>
   </div>
   <div class='ocr_carea' id='block_1_34' title="bbox 614 1639 721 1661">
    <p class='ocr_par' dir='ltr' id='par_1_34' title="bbox 614 1639 721 1661">
     <span class='ocr_line' id='line_1_45' title="bbox 614 1639 721 1661; baseline 0 0"><span class='ocrx_word' id='word_1_55' title='bbox 614 1639 721 1661; x_wconf 91' lang='grc'>-12</span> 
     </span>
    </p>
   </div>
   <div class='ocr_carea' id='block_1_35' title="bbox 547 1741 747 1879">
    <p class='ocr_par' dir='ltr' id='par_1_35' title="bbox 547 1741 747 1879">
     <span class='ocr_line' id='line_1_46' title="bbox 614 1741 721 1763; baseline 0 0"><span class='ocrx_word' id='word_1_56' title='bbox 614 1754 644 1757; x_wconf 93' lang='grc'><strong>-</strong></span> <span class='ocrx_word' id='word_1_57' title='bbox 691 1741 721 1763; x_wconf 86' lang='grc'>28</span> 
     </span>
     <span class='ocr_line' id='line_1_47' title="bbox 547 1798 747 1821; baseline 0 0"><span class='ocrx_word' id='word_1_58' title='bbox 547 1798 702 1821; x_wconf 87' lang='lat' dir='ltr'>Novembris</span> <span class='ocrx_word' id='word_1_59' title='bbox 718 1799 747 1821; x_wconf 87' lang='lat'>22</span> 
     </span>
     <span class='ocr_line' id='line_1_48' title="bbox 613 1857 746 1879; baseline 0 0"><span class='ocrx_word' id='word_1_60' title='bbox 613 1869 644 1873; x_wconf 88' lang='grc'>--</span> <span class='ocrx_word' id='word_1_61' title='bbox 718 1857 746 1879; x_wconf 89' lang='grc'><strong>28</strong></span> 
     </span>
    </p>
   </div>
   <div class='ocr_carea' id='block_1_36' title="bbox 564 1913 727 1937">
    <p class='ocr_par' dir='ltr' id='par_1_36' title="bbox 564 1913 727 1937">
     <span class='ocr_line' id='line_1_49' title="bbox 564 1913 727 1937; baseline 0 -1"><span class='ocrx_word' id='word_1_62' title='bbox 564 1913 684 1937; x_wconf 70' lang='lat' dir='ltr'>,Ianuarii</span> <span class='ocrx_word' id='word_1_63' title='bbox 698 1914 727 1936; x_wconf 84' lang='lat'>12</span> 
     </span>
    </p>
   </div>
   <div class='ocr_carea' id='block_1_37' title="bbox 564 2015 729 2038">
    <p class='ocr_par' dir='ltr' id='par_1_37' title="bbox 564 2015 729 2038">
     <span class='ocr_line' id='line_1_50' title="bbox 564 2015 729 2038; baseline 0 0"><span class='ocrx_word' id='word_1_64' title='bbox 564 2015 700 2038; x_wconf 83' lang='lat' dir='ltr'>Februarii</span> <span class='ocrx_word' id='word_1_65' title='bbox 715 2017 729 2038; x_wconf 89' lang='lat'>8</span> 
     </span>
    </p>
   </div>
   <div class='ocr_carea' id='block_1_38' title="bbox 607 2073 729 2096">
    <p class='ocr_par' dir='ltr' id='par_1_38' title="bbox 607 2073 729 2096">
     <span class='ocr_line' id='line_1_51' title="bbox 607 2073 729 2096; baseline 0.008 -1"><span class='ocrx_word' id='word_1_66' title='bbox 607 2087 637 2090; x_wconf 97' lang='lat'><strong>—</strong></span> <span class='ocrx_word' id='word_1_67' title='bbox 700 2073 729 2096; x_wconf 90' lang='grc'><strong>20</strong></span> 
     </span>
    </p>
   </div>
   <div class='ocr_carea' id='block_1_39' title="bbox 582 2175 712 2203">
    <p class='ocr_par' dir='ltr' id='par_1_39' title="bbox 582 2175 712 2203">
     <span class='ocr_line' id='line_1_52' title="bbox 582 2175 712 2203; baseline 0 -5"><span class='ocrx_word' id='word_1_68' title='bbox 582 2175 644 2198; x_wconf 82' lang='lat' dir='ltr'>Maii</span> <span class='ocrx_word' id='word_1_69' title='bbox 659 2177 681 2203; x_wconf 91' lang='lat'>5,</span> <span class='ocrx_word' id='word_1_70' title='bbox 697 2177 712 2198; x_wconf 89' lang='grc'><strong>6</strong></span> 
     </span>
    </p>
   </div>
   <div class='ocr_carea' id='block_1_40' title="bbox 595 2280 700 2304">
    <p class='ocr_par' dir='ltr' id='par_1_40' title="bbox 595 2280 700 2304">
     <span class='ocr_line' id='line_1_53' title="bbox 595 2280 700 2304; baseline -0.01 0"><span class='ocrx_word' id='word_1_71' title='bbox 595 2280 655 2304; x_wconf 77' lang='lat' dir='ltr'>Maii</span> <span class='ocrx_word' id='word_1_72' title='bbox 671 2281 700 2303; x_wconf 88' lang='grc'><strong>20</strong></span> 
     </span>
    </p>
   </div>
   <div class='ocr_carea' id='block_1_41' title="bbox 607 2342 684 2366">
    <p class='ocr_par' dir='ltr' id='par_1_41' title="bbox 607 2342 684 2366">
     <span class='ocr_line' id='line_1_54' title="bbox 607 2342 684 2366; baseline 0.013 -1"><span class='ocrx_word' id='word_1_73' title='bbox 607 2342 684 2366; x_wconf 87' lang='lat' dir='ltr'>Junio</span> 
     </span>
    </p>
   </div>
   <div class='ocr_carea' id='block_1_42' title="bbox 586 2449 704 2472">
    <p class='ocr_par' dir='ltr' id='par_1_42' title="bbox 586 2449 704 2472">
     <span class='ocr_line' id='line_1_55' title="bbox 586 2449 704 2472; baseline -0.008 0"><span class='ocrx_word' id='word_1_74' title='bbox 586 2449 658 2472; x_wconf 89' lang='lat' dir='ltr'>Junii</span> <span class='ocrx_word' id='word_1_75' title='bbox 676 2449 704 2471; x_wconf 88' lang='lat'>28</span> 
     </span>
    </p>
   </div>
   <div class='ocr_carea' id='block_1_43' title="bbox 549 2555 738 2587">
    <p class='ocr_par' dir='ltr' id='par_1_43' title="bbox 549 2555 738 2587">
     <span class='ocr_line' id='line_1_56' title="bbox 549 2555 738 2587; baseline -0.011 -8"><span class='ocrx_word' id='word_1_76' title='bbox 549 2555 710 2587; x_wconf 83' lang='lat' dir='ltr'>Septembris</span> <span class='ocrx_word' id='word_1_77' title='bbox 727 2555 738 2577; x_wconf 92' lang='lat'>1</span> 
     </span>
    </p>
   </div>
   <div class='ocr_carea' id='block_1_44' title="bbox 615 2705 741 2728">
    <p class='ocr_par' dir='ltr' id='par_1_44' title="bbox 615 2705 741 2728">
     <span class='ocr_line' id='line_1_57' title="bbox 615 2705 741 2728; baseline 0 0"><span class='ocrx_word' id='word_1_78' title='bbox 615 2719 645 2722; x_wconf 84' lang='lat'>—</span> <span class='ocrx_word' id='word_1_79' title='bbox 711 2705 741 2728; x_wconf 90' lang='lat'>10</span> 
     </span>
    </p>
   </div>
   <div class='ocr_carea' id='block_1_45' title="bbox 572 2811 723 2835">
    <p class='ocr_par' dir='ltr' id='par_1_45' title="bbox 572 2811 723 2835">
     <span class='ocr_line' id='line_1_58' title="bbox 572 2811 723 2835; baseline 0 -1"><span class='ocrx_word' id='word_1_80' title='bbox 572 2811 676 2835; x_wconf 88' lang='lat' dir='ltr'>Octobr.</span> <span class='ocrx_word' id='word_1_81' title='bbox 695 2811 723 2834; x_wconf 89' lang='grc'><strong>12</strong></span> 
     </span>
    </p>
   </div>
   <div class='ocr_carea' id='block_1_46' title="bbox 767 430 774 1348">
    <p class='ocr_par' dir='ltr' id='par_1_46' title="bbox 767 430 774 1348">
     <span class='ocr_line' id='line_1_59' title="bbox 767 430 774 1348; baseline 0 0"><span class='ocrx_word' id='word_1_82' title='bbox 767 430 774 1348; x_wconf 95' lang='lat' dir='ltr'> </span> 
     </span>
    </p>
   </div>
   <div class='ocr_carea' id='block_1_47' title="bbox 788 459 2045 490">
    <p class='ocr_par' dir='ltr' id='par_1_47' title="bbox 788 459 2045 490">
     <span class='ocr_line' id='line_1_60' title="bbox 788 459 2045 490; baseline 0.001 -8"><span class='ocrx_word' id='word_1_83' title='bbox 788 459 970 483; x_wconf 69' lang='lat' dir='ltr'>Ordinationes</span> <span class='ocrx_word' id='word_1_84' title='bbox 984 459 1097 490; x_wconf 74' lang='lat' dir='ltr'>Capituli</span> <span class='ocrx_word' id='word_1_85' title='bbox 1114 459 1243 490; x_wconf 74' lang='lat' dir='ltr'>generalis</span> <span class='ocrx_word' id='word_1_86' title='bbox 1257 459 1319 483; x_wconf 87' lang='lat' dir='ltr'>Ord.</span> <span class='ocrx_word' id='word_1_87' title='bbox 1336 459 1442 482; x_wconf 83' lang='lat' dir='ltr'>Eremit.</span> <span class='ocrx_word' id='word_1_88' title='bbox 1461 461 1485 482; x_wconf 85' lang='lat' dir='ltr'>S.</span> <span class='ocrx_word' id='word_1_89' title='bbox 1501 460 1609 490; x_wconf 79' lang='lat' dir='ltr'>August.</span> <span class='ocrx_word' id='word_1_90' title='bbox 1627 460 1700 482; x_wconf 79' lang='lat' dir='ltr'>Senis</span> <span class='ocrx_word' id='word_1_91' title='bbox 1717 461 1840 483; x_wconf 83' lang='lat' dir='ltr'>celebrati</span> <span class='ocrx_word' id='word_1_92' title='bbox 1856 461 1886 483; x_wconf 86' lang='lat' dir='ltr'>de</span> <span class='ocrx_word' id='word_1_93' title='bbox 1905 461 2045 484; x_wconf 82' lang='lat' dir='ltr'>lectoribus</span> 
     </span>
    </p>
   </div>
   <div class='ocr_carea' id='block_1_48' title="bbox 787 503 2043 593">
    <p class='ocr_par' dir='ltr' id='par_1_48' title="bbox 787 503 2043 593">
     <span class='ocr_line' id='line_1_61' title="bbox 818 503 2043 535; baseline 0.002 -9"><span class='ocrx_word' id='word_1_94' title='bbox 818 504 844 526; x_wconf 90' lang='lat' dir='ltr'>in</span> <span class='ocrx_word' id='word_1_95' title='bbox 865 504 960 527; x_wconf 85' lang='lat' dir='ltr'>studiis</span> <span class='ocrx_word' id='word_1_96' title='bbox 978 503 1186 535; x_wconf 86' lang='lat' dir='ltr'>provincialibus</span> <span class='ocrx_word' id='word_1_97' title='bbox 1207 506 1232 526; x_wconf 90' lang='lat' dir='ltr'>et</span> <span class='ocrx_word' id='word_1_98' title='bbox 1253 504 1420 534; x_wconf 78' lang='lat' dir='ltr'><strong>generalibus</strong></span> <span class='ocrx_word' id='word_1_99' title='bbox 1425 521 2043 528; x_wconf 47' lang='grc'><em>.........................</em></span> 
     </span>
     <span class='ocr_line' id='line_1_62' title="bbox 787 561 2043 593; baseline 0 -8"><span class='ocrx_word' id='word_1_100' title='bbox 787 562 917 585; x_wconf 84' lang='lat' dir='ltr'>Statutum</span> <span class='ocrx_word' id='word_1_101' title='bbox 934 561 1048 593; x_wconf 76' lang='lat' dir='ltr'>Capituli</span> <span class='ocrx_word' id='word_1_102' title='bbox 1065 561 1194 592; x_wconf 81' lang='lat' dir='ltr'>generalis</span> <span class='ocrx_word' id='word_1_103' title='bbox 1211 561 1273 584; x_wconf 90' lang='lat' dir='ltr'>Ord.</span> <span class='ocrx_word' id='word_1_104' title='bbox 1293 561 1400 584; x_wconf 85' lang='lat' dir='ltr'>Cisterc.</span> <span class='ocrx_word' id='word_1_105' title='bbox 1422 561 1453 584; x_wconf 93' lang='lat' dir='ltr'>de</span> <span class='ocrx_word' id='word_1_106' title='bbox 1473 561 1561 584; x_wconf 89' lang='lat' dir='ltr'>bursis</span> <span class='ocrx_word' id='word_1_107' title='bbox 1575 561 1735 584; x_wconf 76' lang='lat' dir='ltr'>scholarium</span> <span class='ocrx_word' id='word_1_108' title='bbox 1751 563 1777 584; x_wconf 78' lang='lat' dir='ltr'>S.</span> <span class='ocrx_word' id='word_1_109' title='bbox 1794 562 1920 584; x_wconf 85' lang='lat' dir='ltr'>Bernardi</span> <span class='ocrx_word' id='word_1_110' title='bbox 1937 562 2019 585; x_wconf 85' lang='lat' dir='ltr'>Puris.</span> <span class='ocrx_word' id='word_1_111' title='bbox 2040 583 2043 587; x_wconf 88' lang='lat'><em>.</em></span> 
     </span>
    </p>
   </div>
   <div class='ocr_carea' id='block_1_49' title="bbox 788 618 2043 650">
    <p class='ocr_par' dir='ltr' id='par_1_49' title="bbox 788 618 2043 650">
     <span class='ocr_line' id='line_1_63' title="bbox 788 618 2043 650; baseline 0.001 -8"><span class='ocrx_word' id='word_1_112' title='bbox 788 620 814 642; x_wconf 94' lang='lat' dir='ltr'>In</span> <span class='ocrx_word' id='word_1_113' title='bbox 831 620 954 643; x_wconf 75' lang='lat' dir='ltr'>facultate</span> <span class='ocrx_word' id='word_1_114' title='bbox 970 619 1113 642; x_wconf 82' lang='lat' dir='ltr'>medicinae</span> <span class='ocrx_word' id='word_1_115' title='bbox 1129 620 1204 650; x_wconf 83' lang='lat' dir='ltr'>Ilugo</span> <span class='ocrx_word' id='word_1_116' title='bbox 1220 618 1351 650; x_wconf 81' lang='lat' dir='ltr'>Sapientis</span> <span class='ocrx_word' id='word_1_117' title='bbox 1365 619 1479 642; x_wconf 87' lang='lat' dir='ltr'>decanus</span> <span class='ocrx_word' id='word_1_118' title='bbox 1493 618 1600 649; x_wconf 79' lang='lat' dir='ltr'>eligitur</span> <span class='ocrx_word' id='word_1_119' title='bbox 1603 636 2043 643; x_wconf 68' lang='grc'>.................</span> 
     </span>
    </p>
   </div>
   <div class='ocr_carea' id='block_1_50' title="bbox 787 675 2046 789">
    <p class='ocr_par' dir='ltr' id='par_1_50' title="bbox 787 675 2046 789">
     <span class='ocr_line' id='line_1_64' title="bbox 787 675 2045 708; baseline -0.001 -7"><span class='ocrx_word' id='word_1_120' title='bbox 787 677 941 701; x_wconf 81' lang='lat' dir='ltr'>Benedictus</span> <span class='ocrx_word' id='word_1_121' title='bbox 962 677 1007 700; x_wconf 85' lang='lat' dir='ltr'>XII</span> <span class='ocrx_word' id='word_1_122' title='bbox 1029 677 1062 699; x_wconf 86' lang='lat' dir='ltr'>ad</span> <span class='ocrx_word' id='word_1_123' title='bbox 1084 676 1236 707; x_wconf 84' lang='lat' dir='ltr'>Philippum</span> <span class='ocrx_word' id='word_1_124' title='bbox 1265 675 1494 707; x_wconf 82' lang='lat' dir='ltr'>arehiepiscopum</span> <span class='ocrx_word' id='word_1_125' title='bbox 1524 676 1708 704; x_wconf 88' lang='lat' dir='ltr'>Senonensem,</span> <span class='ocrx_word' id='word_1_126' title='bbox 1738 679 1766 699; x_wconf 93' lang='lat' dir='ltr'>ut</span> <span class='ocrx_word' id='word_1_127' title='bbox 1791 676 1874 699; x_wconf 86' lang='lat' dir='ltr'>Paris.</span> <span class='ocrx_word' id='word_1_128' title='bbox 1905 677 2045 708; x_wconf 81' lang='lat' dir='ltr'>magistros</span> 
     </span>
     <span class='ocr_line' id='line_1_65' title="bbox 817 719 2046 752; baseline 0 -8"><span class='ocrx_word' id='word_1_129' title='bbox 817 722 924 744; x_wconf 81' lang='lat' dir='ltr'>inducat</span> <span class='ocrx_word' id='word_1_130' title='bbox 938 720 1077 752; x_wconf 83' lang='lat' dir='ltr'>religiosos</span> <span class='ocrx_word' id='word_1_131' title='bbox 1091 723 1116 744; x_wconf 88' lang='lat' dir='ltr'>et</span> <span class='ocrx_word' id='word_1_132' title='bbox 1128 721 1248 743; x_wconf 89' lang='lat' dir='ltr'>doctores</span> <span class='ocrx_word' id='word_1_133' title='bbox 1264 720 1428 743; x_wconf 85' lang='lat' dir='ltr'>decretorum</span> <span class='ocrx_word' id='word_1_134' title='bbox 1453 720 1516 743; x_wconf 91' lang='lat' dir='ltr'>Ord.</span> <span class='ocrx_word' id='word_1_135' title='bbox 1539 720 1566 744; x_wconf 87' lang='lat' dir='ltr'>S.</span> <span class='ocrx_word' id='word_1_136' title='bbox 1588 719 1722 743; x_wconf 77' lang='lat' dir='ltr'>Benedicti</span> <span class='ocrx_word' id='word_1_137' title='bbox 1745 720 1778 743; x_wconf 90' lang='lat' dir='ltr'>ad</span> <span class='ocrx_word' id='word_1_138' title='bbox 1792 720 1917 743; x_wconf 87' lang='lat' dir='ltr'>lecturam</span> <span class='ocrx_word' id='word_1_139' title='bbox 1934 721 2046 744; x_wconf 72' lang='lat' dir='ltr'>decreta-</span> 
     </span>
     <span class='ocr_line' id='line_1_66' title="bbox 817 764 2043 789; baseline -0.001 0"><span class='ocrx_word' id='word_1_140' title='bbox 817 766 882 789; x_wconf 87' lang='lat' dir='ltr'>lium</span> <span class='ocrx_word' id='word_1_141' title='bbox 898 769 923 789; x_wconf 89' lang='lat' dir='ltr'>et</span> <span class='ocrx_word' id='word_1_142' title='bbox 937 765 1102 789; x_wconf 87' lang='lat' dir='ltr'>decretorum</span> <span class='ocrx_word' id='word_1_143' title='bbox 1125 764 1262 788; x_wconf 77' lang='lat' dir='ltr'>admittere</span> <span class='ocrx_word' id='word_1_144' title='bbox 1265 781 2043 788; x_wconf 82' lang='lat'>...............................</span> 
     </span>
    </p>
   </div>
   <div class='ocr_carea' id='block_1_51' title="bbox 786 821 2045 899">
    <p class='ocr_par' dir='ltr' id='par_1_51' title="bbox 786 821 2045 899">
     <span class='ocr_line' id='line_1_67' title="bbox 786 821 2045 853; baseline -0.002 -6"><span class='ocrx_word' id='word_1_145' title='bbox 786 823 940 847; x_wconf 80' lang='lat' dir='ltr'>Benedictus</span> <span class='ocrx_word' id='word_1_146' title='bbox 956 823 1001 846; x_wconf 88' lang='lat' dir='ltr'>XII</span> <span class='ocrx_word' id='word_1_147' title='bbox 1018 822 1235 846; x_wconf 83' lang='lat' dir='ltr'>Constitutionem</span> <span class='ocrx_word' id='word_1_148' title='bbox 1250 830 1299 853; x_wconf 83' lang='lat' dir='ltr'>pro</span> <span class='ocrx_word' id='word_1_149' title='bbox 1316 822 1384 844; x_wconf 89' lang='lat' dir='ltr'>bono</span> <span class='ocrx_word' id='word_1_150' title='bbox 1401 821 1528 852; x_wconf 83' lang='lat' dir='ltr'>regimine</span> <span class='ocrx_word' id='word_1_151' title='bbox 1553 821 1659 845; x_wconf 82' lang='lat' dir='ltr'>Ordinis</span> <span class='ocrx_word' id='word_1_152' title='bbox 1681 822 1866 845; x_wconf 86' lang='lat' dir='ltr'>canonicorum</span> <span class='ocrx_word' id='word_1_153' title='bbox 1884 822 2045 853; x_wconf 80' lang='lat' dir='ltr'>regularium</span> 
     </span>
     <span class='ocr_line' id='line_1_68' title="bbox 816 865 2043 899; baseline -0.001 -8"><span class='ocrx_word' id='word_1_154' title='bbox 816 868 976 899; x_wconf 81' lang='lat' dir='ltr'>promulgat,</span> <span class='ocrx_word' id='word_1_155' title='bbox 993 867 1019 890; x_wconf 89' lang='lat' dir='ltr'>in</span> <span class='ocrx_word' id='word_1_156' title='bbox 1035 875 1086 898; x_wconf 86' lang='lat' dir='ltr'>qua</span> <span class='ocrx_word' id='word_1_157' title='bbox 1098 867 1180 889; x_wconf 82' lang='lat' dir='ltr'>multu</span> <span class='ocrx_word' id='word_1_158' title='bbox 1193 867 1224 889; x_wconf 91' lang='lat' dir='ltr'>de</span> <span class='ocrx_word' id='word_1_159' title='bbox 1240 866 1334 889; x_wconf 85' lang='lat' dir='ltr'>studiis</span> <span class='ocrx_word' id='word_1_160' title='bbox 1355 865 1470 895; x_wconf 87' lang='lat' dir='ltr'>Ordinis,</span> <span class='ocrx_word' id='word_1_161' title='bbox 1485 866 1641 897; x_wconf 82' lang='lat' dir='ltr'>praesertim</span> <span class='ocrx_word' id='word_1_162' title='bbox 1654 866 1772 895; x_wconf 83' lang='lat' dir='ltr'>Parisiis,</span> <span class='ocrx_word' id='word_1_163' title='bbox 1789 866 1881 889; x_wconf 79' lang='lat' dir='ltr'>statuit</span> <span class='ocrx_word' id='word_1_164' title='bbox 1884 883 2043 890; x_wconf 90' lang='grc'>.......</span> 
     </span>
    </p>
   </div>
   <div class='ocr_carea' id='block_1_52' title="bbox 785 923 2045 1001">
    <p class='ocr_par' dir='ltr' id='par_1_52' title="bbox 785 923 2045 1001">
     <span class='ocr_line' id='line_1_69' title="bbox 785 923 2045 957; baseline -0.002 -8"><span class='ocrx_word' id='word_1_165' title='bbox 785 925 982 957; x_wconf 81' lang='lat' dir='ltr'>Assignationes</span> <span class='ocrx_word' id='word_1_166' title='bbox 1011 925 1223 948; x_wconf 80' lang='lat' dir='ltr'>bacealareorum</span> <span class='ocrx_word' id='word_1_167' title='bbox 1253 924 1314 947; x_wconf 83' lang='lat' dir='ltr'>Ord.</span> <span class='ocrx_word' id='word_1_168' title='bbox 1342 924 1433 948; x_wconf 84' lang='lat' dir='ltr'>Praed.</span> <span class='ocrx_word' id='word_1_169' title='bbox 1457 923 1572 954; x_wconf 78' lang='lat' dir='ltr'>Capituli</span> <span class='ocrx_word' id='word_1_170' title='bbox 1604 923 1734 955; x_wconf 81' lang='lat' dir='ltr'>generalis</span> <span class='ocrx_word' id='word_1_171' title='bbox 1757 932 1800 955; x_wconf 87' lang='lat' dir='ltr'>ap.</span> <span class='ocrx_word' id='word_1_172' title='bbox 1824 924 2045 948; x_wconf 86' lang='lat' dir='ltr'>Clurummontem</span> 
     </span>
     <span class='ocr_line' id='line_1_70' title="bbox 816 968 2042 1001; baseline -0.002 -8"><span class='ocrx_word' id='word_1_173' title='bbox 816 970 913 993; x_wconf 84' lang='lat' dir='ltr'>celebr.</span> <span class='ocrx_word' id='word_1_174' title='bbox 933 978 981 1001; x_wconf 82' lang='lat' dir='ltr'>pro</span> <span class='ocrx_word' id='word_1_175' title='bbox 1002 969 1088 992; x_wconf 87' lang='lat' dir='ltr'>studio</span> <span class='ocrx_word' id='word_1_176' title='bbox 1106 968 1180 992; x_wconf 87' lang='lat' dir='ltr'>Paris</span> <span class='ocrx_word' id='word_1_177' title='bbox 1185 985 2042 993; x_wconf 83' lang='grc'>..................................</span> 
     </span>
    </p>
   </div>
   <div class='ocr_carea' id='block_1_53' title="bbox 785 1025 2045 1102">
    <p class='ocr_par' dir='ltr' id='par_1_53' title="bbox 785 1025 2045 1102">
     <span class='ocr_line' id='line_1_71' title="bbox 785 1025 2044 1057; baseline -0.002 -6"><span class='ocrx_word' id='word_1_178' title='bbox 785 1027 939 1051; x_wconf 84' lang='lat' dir='ltr'>Benedictus</span> <span class='ocrx_word' id='word_1_179' title='bbox 956 1027 1001 1050; x_wconf 87' lang='lat' dir='ltr'>XII</span> <span class='ocrx_word' id='word_1_180' title='bbox 1016 1030 1107 1050; x_wconf 90' lang='lat' dir='ltr'>contra</span> <span class='ocrx_word' id='word_1_181' title='bbox 1124 1027 1250 1049; x_wconf 79' lang='lat' dir='ltr'>abusores</span> <span class='ocrx_word' id='word_1_182' title='bbox 1270 1026 1471 1057; x_wconf 86' lang='lat' dir='ltr'>privilegiorum</span> <span class='ocrx_word' id='word_1_183' title='bbox 1494 1025 1679 1049; x_wconf 84' lang='lat' dir='ltr'>Universitatis</span> <span class='ocrx_word' id='word_1_184' title='bbox 1704 1026 1787 1049; x_wconf 83' lang='lat' dir='ltr'>Paris.</span> <span class='ocrx_word' id='word_1_185' title='bbox 1810 1029 1835 1049; x_wconf 84' lang='lat' dir='ltr'>et</span> <span class='ocrx_word' id='word_1_186' title='bbox 1854 1025 2044 1057; x_wconf 83' lang='lat' dir='ltr'>vicesgerentes</span> 
     </span>
     <span class='ocr_line' id='line_1_72' title="bbox 815 1070 2045 1102; baseline -0.002 -7"><span class='ocrx_word' id='word_1_187' title='bbox 815 1071 1007 1095; x_wconf 83' lang='lat' dir='ltr'>conservatoris</span> <span class='ocrx_word' id='word_1_188' title='bbox 1023 1070 1233 1102; x_wconf 82' lang='lat' dir='ltr'>privilegiorum,</span> <span class='ocrx_word' id='word_1_189' title='bbox 1251 1070 1381 1101; x_wconf 86' lang='lat' dir='ltr'>imprimis</span> <span class='ocrx_word' id='word_1_190' title='bbox 1397 1073 1488 1093; x_wconf 86' lang='lat' dir='ltr'>contra</span> <span class='ocrx_word' id='word_1_191' title='bbox 1503 1070 1664 1101; x_wconf 85' lang='lat' dir='ltr'>Stephanum</span> <span class='ocrx_word' id='word_1_192' title='bbox 1683 1070 1714 1093; x_wconf 90' lang='lat' dir='ltr'>de</span> <span class='ocrx_word' id='word_1_193' title='bbox 1729 1070 1862 1101; x_wconf 82' lang='lat' dir='ltr'>Lingonis.</span> <span class='ocrx_word' id='word_1_194' title='bbox 1879 1070 2045 1094; x_wconf 85' lang='lat' dir='ltr'>Dcstinentur</span> 
     </span>
    </p>
   </div>
   <div class='ocr_carea' id='block_1_54' title="bbox 815 1114 2043 1147">
    <p class='ocr_par' dir='ltr' id='par_1_54' title="bbox 815 1114 2043 1147">
     <span class='ocr_line' id='line_1_73' title="bbox 815 1114 2043 1147; baseline -0.001 -8"><span class='ocrx_word' id='word_1_195' title='bbox 815 1116 848 1139; x_wconf 89' lang='lat' dir='ltr'>ad</span> <span class='ocrx_word' id='word_1_196' title='bbox 863 1119 949 1147; x_wconf 83' lang='lat' dir='ltr'>apost.</span> <span class='ocrx_word' id='word_1_197' title='bbox 964 1115 1052 1138; x_wconf 87' lang='lat' dir='ltr'>sedem</span> <span class='ocrx_word' id='word_1_198' title='bbox 1071 1115 1212 1146; x_wconf 81' lang='lat' dir='ltr'>privilegia</span> <span class='ocrx_word' id='word_1_199' title='bbox 1231 1114 1417 1138; x_wconf 87' lang='lat' dir='ltr'>Universitatis</span> <span class='ocrx_word' id='word_1_200' title='bbox 1421 1131 2043 1138; x_wconf 83' lang='lat'>.........................</span> 
     </span>
    </p>
   </div>
   <div class='ocr_carea' id='block_1_55' title="bbox 784 1171 2044 1249">
    <p class='ocr_par' dir='ltr' id='par_1_55' title="bbox 784 1171 2044 1249">
     <span class='ocr_line' id='line_1_74' title="bbox 784 1171 2044 1205; baseline -0.001 -8"><span class='ocrx_word' id='word_1_201' title='bbox 784 1174 935 1205; x_wconf 81' lang='lat' dir='ltr'>Capitulum</span> <span class='ocrx_word' id='word_1_202' title='bbox 950 1173 1072 1204; x_wconf 81' lang='lat' dir='ltr'>generale</span> <span class='ocrx_word' id='word_1_203' title='bbox 1087 1172 1150 1196; x_wconf 84' lang='lat' dir='ltr'>Ord.</span> <span class='ocrx_word' id='word_1_204' title='bbox 1167 1172 1274 1195; x_wconf 83' lang='lat' dir='ltr'>Cisterc.</span> <span class='ocrx_word' id='word_1_205' title='bbox 1290 1172 1407 1203; x_wconf 82' lang='lat' dir='ltr'>graviter</span> <span class='ocrx_word' id='word_1_206' title='bbox 1430 1172 1545 1203; x_wconf 82' lang='lat' dir='ltr'>insurgit</span> <span class='ocrx_word' id='word_1_207' title='bbox 1565 1174 1656 1195; x_wconf 84' lang='lat' dir='ltr'>contra</span> <span class='ocrx_word' id='word_1_208' title='bbox 1679 1171 1879 1195; x_wconf 83' lang='lat' dir='ltr'>dissolutionem</span> <span class='ocrx_word' id='word_1_209' title='bbox 1903 1180 2005 1195; x_wconf 85' lang='lat' dir='ltr'>morum</span> <span class='ocrx_word' id='word_1_210' title='bbox 2018 1172 2044 1196; x_wconf 89' lang='lat' dir='ltr'>in</span> 
     </span>
     <span class='ocr_line' id='line_1_75' title="bbox 815 1216 2042 1249; baseline -0.002 -8"><span class='ocrx_word' id='word_1_211' title='bbox 815 1218 931 1249; x_wconf 86' lang='lat' dir='ltr'>Collegio</span> <span class='ocrx_word' id='word_1_212' title='bbox 952 1217 1040 1240; x_wconf 83' lang='lat' dir='ltr'>Sancti</span> <span class='ocrx_word' id='word_1_213' title='bbox 1062 1216 1190 1240; x_wconf 85' lang='lat' dir='ltr'>Bernardi</span> <span class='ocrx_word' id='word_1_214' title='bbox 1207 1216 1281 1240; x_wconf 85' lang='lat' dir='ltr'>Paris</span> <span class='ocrx_word' id='word_1_215' title='bbox 1286 1233 2042 1240; x_wconf 84' lang='grc'><em>..............................</em></span> 
     </span>
    </p>
   </div>
   <div class='ocr_carea' id='block_1_56' title="bbox 784 1273 2043 1305">
    <p class='ocr_par' dir='ltr' id='par_1_56' title="bbox 784 1273 2043 1305">
     <span class='ocr_line' id='line_1_76' title="bbox 784 1273 2043 1305; baseline -0.002 -6"><span class='ocrx_word' id='word_1_216' title='bbox 784 1277 915 1299; x_wconf 79' lang='lat' dir='ltr'>Statutum</span> <span class='ocrx_word' id='word_1_217' title='bbox 931 1275 1063 1298; x_wconf 81' lang='lat' dir='ltr'>facultatis</span> <span class='ocrx_word' id='word_1_218' title='bbox 1080 1274 1176 1298; x_wconf 87' lang='lat' dir='ltr'>artium</span> <span class='ocrx_word' id='word_1_219' title='bbox 1190 1275 1259 1305; x_wconf 87' lang='lat' dir='ltr'>quod</span> <span class='ocrx_word' id='word_1_220' title='bbox 1274 1274 1392 1297; x_wconf 84' lang='lat' dir='ltr'>doctrina</span> <span class='ocrx_word' id='word_1_221' title='bbox 1403 1273 1536 1297; x_wconf 82' lang='lat' dir='ltr'>Okannica</span> <span class='ocrx_word' id='word_1_222' title='bbox 1550 1282 1600 1296; x_wconf 90' lang='lat' dir='ltr'>non</span> <span class='ocrx_word' id='word_1_223' title='bbox 1615 1273 1814 1304; x_wconf 80' lang='lat' dir='ltr'>dogmatizetur,</span> <span class='ocrx_word' id='word_1_224' title='bbox 1832 1277 1857 1297; x_wconf 85' lang='lat' dir='ltr'>et</span> <span class='ocrx_word' id='word_1_225' title='bbox 1871 1274 1940 1305; x_wconf 88' lang='lat' dir='ltr'>quod</span> <span class='ocrx_word' id='word_1_226' title='bbox 1955 1274 2043 1297; x_wconf 89' lang='lat' dir='ltr'>nullus</span> 
     </span>
    </p>
   </div>
   <div class='ocr_carea' id='block_1_57' title="bbox 783 1318 2041 1407">
    <p class='ocr_par' dir='ltr' id='par_1_57' title="bbox 783 1318 2041 1407">
     <span class='ocr_line' id='line_1_77' title="bbox 814 1318 2041 1351; baseline -0.002 -8"><span class='ocrx_word' id='word_1_227' title='bbox 814 1320 839 1343; x_wconf 90' lang='lat' dir='ltr'>in</span> <span class='ocrx_word' id='word_1_228' title='bbox 852 1319 1077 1351; x_wconf 85' lang='lat' dir='ltr'>disputationibus</span> <span class='ocrx_word' id='word_1_229' title='bbox 1091 1322 1186 1350; x_wconf 80' lang='lat' dir='ltr'>arguat</span> <span class='ocrx_word' id='word_1_230' title='bbox 1201 1318 1256 1342; x_wconf 86' lang='lat' dir='ltr'>sine</span> <span class='ocrx_word' id='word_1_231' title='bbox 1271 1318 1376 1341; x_wconf 83' lang='lat' dir='ltr'>licentia</span> <span class='ocrx_word' id='word_1_232' title='bbox 1393 1318 1504 1341; x_wconf 86' lang='lat' dir='ltr'>tenentis</span> <span class='ocrx_word' id='word_1_233' title='bbox 1520 1318 1724 1349; x_wconf 85' lang='lat' dir='ltr'>disputationem</span> <span class='ocrx_word' id='word_1_234' title='bbox 1730 1335 2041 1342; x_wconf 32' lang='lat'>.............</span> 
     </span>
     <span class='ocr_line' id='line_1_78' title="bbox 783 1375 2040 1407; baseline -0.002 -6"><span class='ocrx_word' id='word_1_235' title='bbox 783 1379 914 1401; x_wconf 81' lang='lat' dir='ltr'>Statutum</span> <span class='ocrx_word' id='word_1_236' title='bbox 930 1377 1062 1400; x_wconf 77' lang='lat' dir='ltr'>facultatis</span> <span class='ocrx_word' id='word_1_237' title='bbox 1083 1376 1179 1399; x_wconf 88' lang='lat' dir='ltr'>artium</span> <span class='ocrx_word' id='word_1_238' title='bbox 1197 1376 1228 1399; x_wconf 89' lang='lat' dir='ltr'>de</span> <span class='ocrx_word' id='word_1_239' title='bbox 1248 1376 1436 1407; x_wconf 82' lang='lat' dir='ltr'>magistrorum</span> <span class='ocrx_word' id='word_1_240' title='bbox 1448 1375 1539 1398; x_wconf 87' lang='lat' dir='ltr'>habitu</span> <span class='ocrx_word' id='word_1_241' title='bbox 1544 1392 2040 1399; x_wconf 90' lang='grc'>....................</span> 
     </span>
    </p>
   </div>
   <div class='ocr_carea' id='block_1_58' title="bbox 783 1432 2042 1509">
    <p class='ocr_par' dir='ltr' id='par_1_58' title="bbox 783 1432 2042 1509">
     <span class='ocr_line' id='line_1_79' title="bbox 783 1432 2042 1464; baseline -0.003 -5"><span class='ocrx_word' id='word_1_242' title='bbox 783 1435 946 1459; x_wconf 89' lang='lat' dir='ltr'>Universitas</span> <span class='ocrx_word' id='word_1_243' title='bbox 969 1434 1052 1458; x_wconf 85' lang='lat' dir='ltr'>Paris.</span> <span class='ocrx_word' id='word_1_244' title='bbox 1075 1434 1295 1457; x_wconf 86' lang='lat' dir='ltr'>contributionem</span> <span class='ocrx_word' id='word_1_245' title='bbox 1318 1442 1367 1464; x_wconf 89' lang='lat' dir='ltr'>pro</span> <span class='ocrx_word' id='word_1_246' title='bbox 1389 1433 1536 1456; x_wconf 84' lang='lat' dir='ltr'>relevandis</span> <span class='ocrx_word' id='word_1_247' title='bbox 1557 1432 1678 1464; x_wconf 83' lang='lat' dir='ltr'>expensis</span> <span class='ocrx_word' id='word_1_248' title='bbox 1704 1433 1856 1455; x_wconf 83' lang='lat' dir='ltr'>nuntiorum</span> <span class='ocrx_word' id='word_1_249' title='bbox 1884 1433 1918 1456; x_wconf 81' lang='lat' dir='ltr'>nd</span> <span class='ocrx_word' id='word_1_250' title='bbox 1943 1433 2042 1456; x_wconf 86' lang='lat' dir='ltr'>curiam</span> 
     </span>
     <span class='ocr_line' id='line_1_80' title="bbox 813 1477 2041 1509; baseline -0.002 -6"><span class='ocrx_word' id='word_1_251' title='bbox 813 1481 920 1503; x_wconf 84' lang='lat' dir='ltr'>Roman.</span> <span class='ocrx_word' id='word_1_252' title='bbox 937 1479 1123 1502; x_wconf 87' lang='lat' dir='ltr'>mittendorum</span> <span class='ocrx_word' id='word_1_253' title='bbox 1143 1478 1309 1509; x_wconf 81' lang='lat' dir='ltr'>praescribit,</span> <span class='ocrx_word' id='word_1_254' title='bbox 1337 1477 1466 1508; x_wconf 78' lang='lat' dir='ltr'>theolog-is</span> <span class='ocrx_word' id='word_1_255' title='bbox 1481 1477 1567 1508; x_wconf 88' lang='lat' dir='ltr'>primo</span> <span class='ocrx_word' id='word_1_256' title='bbox 1587 1477 1825 1500; x_wconf 83' lang='lat' dir='ltr'>contradicentibus</span> <span class='ocrx_word' id='word_1_257' title='bbox 1829 1495 2041 1501; x_wconf 73' lang='grc'>.........</span> 
     </span>
    </p>
   </div>
   <div class='ocr_carea' id='block_1_59' title="bbox 782 1534 2041 1613">
    <p class='ocr_par' dir='ltr' id='par_1_59' title="bbox 782 1534 2041 1613">
     <span class='ocr_line' id='line_1_81' title="bbox 782 1534 2041 1567; baseline -0.002 -6"><span class='ocrx_word' id='word_1_258' title='bbox 782 1537 936 1561; x_wconf 83' lang='lat' dir='ltr'>Benedictus</span> <span class='ocrx_word' id='word_1_259' title='bbox 959 1537 1005 1560; x_wconf 84' lang='lat' dir='ltr'>XII</span> <span class='ocrx_word' id='word_1_260' title='bbox 1028 1536 1151 1567; x_wconf 88' lang='lat' dir='ltr'>prohihet</span> <span class='ocrx_word' id='word_1_261' title='bbox 1172 1544 1203 1558; x_wconf 87' lang='lat' dir='ltr'>ne</span> <span class='ocrx_word' id='word_1_262' title='bbox 1226 1538 1311 1558; x_wconf 80' lang='lat' dir='ltr'>rector</span> <span class='ocrx_word' id='word_1_263' title='bbox 1334 1538 1359 1558; x_wconf 89' lang='lat' dir='ltr'>et</span> <span class='ocrx_word' id='word_1_264' title='bbox 1380 1535 1544 1558; x_wconf 79' lang='lat' dir='ltr'>Universitas</span> <span class='ocrx_word' id='word_1_265' title='bbox 1567 1534 1651 1558; x_wconf 88' lang='lat' dir='ltr'>Paris.</span> <span class='ocrx_word' id='word_1_266' title='bbox 1673 1534 1773 1565; x_wconf 88' lang='lat' dir='ltr'>aliquid</span> <span class='ocrx_word' id='word_1_267' title='bbox 1798 1538 1888 1557; x_wconf 88' lang='lat' dir='ltr'>contra</span> <span class='ocrx_word' id='word_1_268' title='bbox 1904 1535 2041 1558; x_wconf 84' lang='lat' dir='ltr'>canonicos</span> 
     </span>
     <span class='ocr_line' id='line_1_82' title="bbox 812 1579 2041 1613; baseline -0.002 -8"><span class='ocrx_word' id='word_1_269' title='bbox 812 1581 906 1613; x_wconf 57' lang='lat' dir='ltr'>Paris,</span> <span class='ocrx_word' id='word_1_270' title='bbox 919 1581 988 1612; x_wconf 89' lang='lat' dir='ltr'>quod</span> <span class='ocrx_word' id='word_1_271' title='bbox 1001 1581 1034 1603; x_wconf 85' lang='lat' dir='ltr'>ad</span> <span class='ocrx_word' id='word_1_272' title='bbox 1047 1580 1267 1603; x_wconf 85' lang='lat' dir='ltr'>eontributionem</span> <span class='ocrx_word' id='word_1_273' title='bbox 1281 1579 1433 1602; x_wconf 85' lang='lat' dir='ltr'>solvendam</span> <span class='ocrx_word' id='word_1_274' title='bbox 1444 1579 1544 1607; x_wconf 86' lang='lat' dir='ltr'>attinet,</span> <span class='ocrx_word' id='word_1_275' title='bbox 1557 1587 1636 1602; x_wconf 85' lang='lat' dir='ltr'>causa</span> <span class='ocrx_word' id='word_1_276' title='bbox 1644 1579 1773 1610; x_wconf 87' lang='lat' dir='ltr'>pendente</span> <span class='ocrx_word' id='word_1_277' title='bbox 1782 1579 1807 1601; x_wconf 89' lang='lat' dir='ltr'>in</span> <span class='ocrx_word' id='word_1_278' title='bbox 1817 1579 1898 1608; x_wconf 84' lang='lat' dir='ltr'>curia,</span> <span class='ocrx_word' id='word_1_279' title='bbox 1907 1582 2041 1602; x_wconf 82' lang='lat' dir='ltr'>attentent.</span> 
     </span>
    </p>
   </div>
   <div class='ocr_carea' id='block_1_60' title="bbox 782 1636 2041 1668">
    <p class='ocr_par' dir='ltr' id='par_1_60' title="bbox 782 1636 2041 1668">
     <span class='ocr_line' id='line_1_83' title="bbox 782 1636 2041 1668; baseline -0.002 -6"><span class='ocrx_word' id='word_1_280' title='bbox 782 1640 935 1667; x_wconf 78' lang='lat' dir='ltr'>Gasbcrtus,</span> <span class='ocrx_word' id='word_1_281' title='bbox 958 1638 1055 1662; x_wconf 85' lang='lat' dir='ltr'>Arelat.</span> <span class='ocrx_word' id='word_1_282' title='bbox 1081 1637 1306 1668; x_wconf 79' lang='lat' dir='ltr'>archiepiscopus,</span> <span class='ocrx_word' id='word_1_283' title='bbox 1327 1637 1503 1660; x_wconf 78' lang='lat' dir='ltr'>Caelestinum</span> <span class='ocrx_word' id='word_1_284' title='bbox 1526 1636 1652 1667; x_wconf 83' lang='lat' dir='ltr'>Sequerii,</span> <span class='ocrx_word' id='word_1_285' title='bbox 1678 1636 1817 1659; x_wconf 87' lang='lat' dir='ltr'>abusorem</span> <span class='ocrx_word' id='word_1_286' title='bbox 1843 1636 2041 1668; x_wconf 85' lang='lat' dir='ltr'>privilegiorum</span> 
     </span>
    </p>
   </div>
   <div class='ocr_carea' id='block_1_61' title="bbox 781 1680 2040 1765">
    <p class='ocr_par' dir='ltr' id='par_1_61' title="bbox 781 1680 2040 1765">
     <span class='ocr_line' id='line_1_84' title="bbox 812 1680 2040 1712; baseline -0.003 -5"><span class='ocrx_word' id='word_1_287' title='bbox 812 1684 932 1707; x_wconf 84' lang='lat' dir='ltr'>Univers.</span> <span class='ocrx_word' id='word_1_288' title='bbox 950 1683 1044 1711; x_wconf 64' lang='lat' dir='ltr'>Paris„</span> <span class='ocrx_word' id='word_1_289' title='bbox 1060 1681 1266 1705; x_wconf 85' lang='lat' dir='ltr'>excommunicat</span> <span class='ocrx_word' id='word_1_290' title='bbox 1285 1684 1310 1704; x_wconf 92' lang='lat' dir='ltr'>et</span> <span class='ocrx_word' id='word_1_291' title='bbox 1325 1681 1577 1704; x_wconf 78' lang='lat' dir='ltr'>excommunicatum</span> <span class='ocrx_word' id='word_1_292' title='bbox 1593 1680 1715 1703; x_wconf 84' lang='lat' dir='ltr'>nuntiare</span> <span class='ocrx_word' id='word_1_293' title='bbox 1727 1680 1801 1712; x_wconf 88' lang='lat' dir='ltr'>jubet</span> <span class='ocrx_word' id='word_1_294' title='bbox 1804 1698 2040 1705; x_wconf 86' lang='grc'>..........</span> 
     </span>
     <span class='ocr_line' id='line_1_85' title="bbox 781 1738 2038 1765; baseline -0.003 0"><span class='ocrx_word' id='word_1_295' title='bbox 781 1741 958 1765; x_wconf 80' lang='lat' dir='ltr'>inventarium</span> <span class='ocrx_word' id='word_1_296' title='bbox 976 1748 1063 1763; x_wconf 83' lang='lat' dir='ltr'>rerum</span> <span class='ocrx_word' id='word_1_297' title='bbox 1079 1739 1246 1763; x_wconf 85' lang='lat' dir='ltr'>existentium</span> <span class='ocrx_word' id='word_1_298' title='bbox 1261 1739 1287 1762; x_wconf 88' lang='lat' dir='ltr'>in</span> <span class='ocrx_word' id='word_1_299' title='bbox 1300 1738 1379 1761; x_wconf 86' lang='lat' dir='ltr'>archa</span> <span class='ocrx_word' id='word_1_300' title='bbox 1395 1738 1507 1761; x_wconf 81' lang='lat' dir='ltr'>nationis</span> <span class='ocrx_word' id='word_1_301' title='bbox 1523 1738 1670 1762; x_wconf 82' lang='lat' dir='ltr'>Gallicanae</span> <span class='ocrx_word' id='word_1_302' title='bbox 1673 1754 1834 1761; x_wconf 70' lang='grc'>.......</span> <span class='ocrx_word' id='word_1_303' title='bbox 1856 1758 1858 1761; x_wconf 92' lang='grc'>.</span> <span class='ocrx_word' id='word_1_304' title='bbox 1880 1755 2038 1761; x_wconf 78' lang='grc'><em>.......</em></span> 
     </span>
    </p>
   </div>
   <div class='ocr_carea' id='block_1_62' title="bbox 781 1795 2040 1886">
    <p class='ocr_par' dir='ltr' id='par_1_62' title="bbox 781 1795 2040 1886">
     <span class='ocr_line' id='line_1_86' title="bbox 782 1795 2040 1827; baseline -0.003 -5"><span class='ocrx_word' id='word_1_305' title='bbox 782 1800 913 1823; x_wconf 88' lang='lat' dir='ltr'>Statutum</span> <span class='ocrx_word' id='word_1_306' title='bbox 929 1797 1062 1822; x_wconf 80' lang='lat' dir='ltr'>facultatis</span> <span class='ocrx_word' id='word_1_307' title='bbox 1078 1797 1222 1820; x_wconf 84' lang='lat' dir='ltr'>medicinae</span> <span class='ocrx_word' id='word_1_308' title='bbox 1242 1797 1272 1819; x_wconf 92' lang='lat' dir='ltr'>de</span> <span class='ocrx_word' id='word_1_309' title='bbox 1292 1795 1516 1827; x_wconf 85' lang='lat' dir='ltr'>disputationibus</span> <span class='ocrx_word' id='word_1_310' title='bbox 1520 1811 2040 1819; x_wconf 82' lang='grc'><em>.....................</em></span> 
     </span>
     <span class='ocr_line' id='line_1_87' title="bbox 781 1852 2040 1886; baseline -0.004 -6"><span class='ocrx_word' id='word_1_311' title='bbox 781 1857 935 1880; x_wconf 84' lang='lat' dir='ltr'>Benedictus</span> <span class='ocrx_word' id='word_1_312' title='bbox 949 1856 994 1879; x_wconf 86' lang='lat' dir='ltr'>XII</span> <span class='ocrx_word' id='word_1_313' title='bbox 1007 1854 1177 1886; x_wconf 86' lang='lat' dir='ltr'>privilegium</span> <span class='ocrx_word' id='word_1_314' title='bbox 1196 1853 1304 1877; x_wconf 85' lang='lat' dir='ltr'>Honorii</span> <span class='ocrx_word' id='word_1_315' title='bbox 1321 1854 1353 1876; x_wconf 87' lang='lat' dir='ltr'>lv</span> <span class='ocrx_word' id='word_1_316' title='bbox 1366 1861 1414 1884; x_wconf 89' lang='lat' dir='ltr'>pro</span> <span class='ocrx_word' id='word_1_317' title='bbox 1427 1852 1584 1876; x_wconf 87' lang='lat' dir='ltr'>cancellario</span> <span class='ocrx_word' id='word_1_318' title='bbox 1599 1852 1683 1876; x_wconf 87' lang='lat' dir='ltr'>Paris.</span> <span class='ocrx_word' id='word_1_319' title='bbox 1699 1852 1853 1875; x_wconf 82' lang='lat' dir='ltr'>transcribit</span> <span class='ocrx_word' id='word_1_320' title='bbox 1857 1869 2040 1876; x_wconf 88' lang='grc'><em>........</em></span> 
     </span>
    </p>
   </div>
   <div class='ocr_carea' id='block_1_63' title="bbox 782 1909 2042 1943">
    <p class='ocr_par' dir='ltr' id='par_1_63' title="bbox 782 1909 2042 1943">
     <span class='ocr_line' id='line_1_88' title="bbox 782 1909 2042 1943; baseline -0.005 -5"><span class='ocrx_word' id='word_1_321' title='bbox 782 1916 913 1938; x_wconf 88' lang='lat' dir='ltr'>Statutum</span> <span class='ocrx_word' id='word_1_322' title='bbox 936 1913 1068 1937; x_wconf 84' lang='lat' dir='ltr'>facultatis</span> <span class='ocrx_word' id='word_1_323' title='bbox 1093 1912 1190 1935; x_wconf 90' lang='lat' dir='ltr'>artium</span> <span class='ocrx_word' id='word_1_324' title='bbox 1212 1911 1281 1943; x_wconf 84' lang='lat' dir='ltr'>quod</span> <span class='ocrx_word' id='word_1_325' title='bbox 1303 1911 1391 1933; x_wconf 90' lang='lat' dir='ltr'>nullus</span> <span class='ocrx_word' id='word_1_326' title='bbox 1415 1913 1506 1941; x_wconf 88' lang='lat' dir='ltr'>posset</span> <span class='ocrx_word' id='word_1_327' title='bbox 1528 1909 1644 1941; x_wconf 85' lang='lat' dir='ltr'>incipere</span> <span class='ocrx_word' id='word_1_328' title='bbox 1665 1909 1717 1932; x_wconf 88' lang='lat' dir='ltr'>nisi</span> <span class='ocrx_word' id='word_1_329' title='bbox 1735 1909 1776 1932; x_wconf 91' lang='lat' dir='ltr'>die</span> <span class='ocrx_word' id='word_1_330' title='bbox 1800 1917 1851 1940; x_wconf 86' lang='lat' dir='ltr'>qua</span> <span class='ocrx_word' id='word_1_331' title='bbox 1872 1912 1931 1932; x_wconf 88' lang='lat' dir='ltr'>actu</span> <span class='ocrx_word' id='word_1_332' title='bbox 1945 1909 2042 1941; x_wconf 83' lang='lat' dir='ltr'>leg-itur</span> 
     </span>
    </p>
   </div>
   <div class='ocr_carea' id='block_1_64' title="bbox 811 1958 2039 1982">
    <p class='ocr_par' dir='ltr' id='par_1_64' title="bbox 811 1958 2039 1982">
     <span class='ocr_line' id='line_1_89' title="bbox 811 1958 2039 1982; baseline -0.003 0"><span class='ocrx_word' id='word_1_333' title='bbox 811 1958 944 1982; x_wconf 83' lang='lat' dir='ltr'>ordinarie</span> <span class='ocrx_word' id='word_1_334' title='bbox 948 1970 2039 1981; x_wconf 79' lang='lat'>...........................................</span> 
     </span>
    </p>
   </div>
   <div class='ocr_carea' id='block_1_65' title="bbox 781 2011 2040 2044">
    <p class='ocr_par' dir='ltr' id='par_1_65' title="bbox 781 2011 2040 2044">
     <span class='ocr_line' id='line_1_90' title="bbox 781 2011 2040 2044; baseline -0.004 -4"><span class='ocrx_word' id='word_1_335' title='bbox 781 2018 917 2040; x_wconf 83' lang='lat' dir='ltr'>Decretum</span> <span class='ocrx_word' id='word_1_336' title='bbox 933 2014 1118 2039; x_wconf 83' lang='lat' dir='ltr'>Universitatis</span> <span class='ocrx_word' id='word_1_337' title='bbox 1134 2013 1292 2037; x_wconf 85' lang='lat' dir='ltr'>Parisiensis</span> <span class='ocrx_word' id='word_1_338' title='bbox 1307 2020 1386 2044; x_wconf 88' lang='lat' dir='ltr'>super</span> <span class='ocrx_word' id='word_1_339' title='bbox 1399 2012 1558 2035; x_wconf 85' lang='lat' dir='ltr'>correctione</span> <span class='ocrx_word' id='word_1_340' title='bbox 1569 2012 1745 2035; x_wconf 83' lang='lat' dir='ltr'>detractorum</span> <span class='ocrx_word' id='word_1_341' title='bbox 1758 2011 1929 2043; x_wconf 88' lang='lat' dir='ltr'>bcjaunorum</span> <span class='ocrx_word' id='word_1_342' title='bbox 1932 2029 2040 2036; x_wconf 85' lang='grc'><strong><em>.....</em></strong></span> 
     </span>
    </p>
   </div>
   <div class='ocr_carea' id='block_1_66' title="bbox 780 2068 2039 2101">
    <p class='ocr_par' dir='ltr' id='par_1_66' title="bbox 780 2068 2039 2101">
     <span class='ocr_line' id='line_1_91' title="bbox 780 2068 2039 2101; baseline -0.005 -4"><span class='ocrx_word' id='word_1_343' title='bbox 780 2074 935 2097; x_wconf 87' lang='lat' dir='ltr'>Benedictus</span> <span class='ocrx_word' id='word_1_344' title='bbox 960 2073 1006 2095; x_wconf 89' lang='lat' dir='ltr'>XII</span> <span class='ocrx_word' id='word_1_345' title='bbox 1034 2072 1067 2095; x_wconf 87' lang='lat' dir='ltr'>ad</span> <span class='ocrx_word' id='word_1_346' title='bbox 1094 2071 1246 2099; x_wconf 87' lang='lat' dir='ltr'>Robertum,</span> <span class='ocrx_word' id='word_1_347' title='bbox 1275 2070 1429 2101; x_wconf 88' lang='lat' dir='ltr'>episcopum</span> <span class='ocrx_word' id='word_1_348' title='bbox 1451 2069 1682 2097; x_wconf 80' lang='lat' dir='ltr'>Silvanectensem,</span> <span class='ocrx_word' id='word_1_349' title='bbox 1710 2072 1738 2091; x_wconf 90' lang='lat' dir='ltr'>ut</span> <span class='ocrx_word' id='word_1_350' title='bbox 1762 2068 1933 2092; x_wconf 87' lang='lat' dir='ltr'>Universitati</span> <span class='ocrx_word' id='word_1_351' title='bbox 1956 2069 2039 2092; x_wconf 81' lang='lat' dir='ltr'>Paris.</span> 
     </span>
    </p>
   </div>
   <div class='ocr_carea' id='block_1_67' title="bbox 780 2113 2040 2251">
    <p class='ocr_par' dir='ltr' id='par_1_67' title="bbox 780 2113 2040 2251">
     <span class='ocr_line' id='line_1_92' title="bbox 812 2113 2039 2149; baseline -0.004 -8"><span class='ocrx_word' id='word_1_352' title='bbox 812 2117 1012 2149; x_wconf 82' lang='lat' dir='ltr'>suspensionem</span> <span class='ocrx_word' id='word_1_353' title='bbox 1025 2116 1227 2148; x_wconf 80' lang='lat' dir='ltr'>privilegiorum</span> <span class='ocrx_word' id='word_1_354' title='bbox 1240 2115 1324 2138; x_wconf 86' lang='lat' dir='ltr'>eidem</span> <span class='ocrx_word' id='word_1_355' title='bbox 1339 2122 1523 2137; x_wconf 88' lang='lat' dir='ltr'>concessorum</span> <span class='ocrx_word' id='word_1_356' title='bbox 1536 2113 1680 2136; x_wconf 81' lang='lat' dir='ltr'>annuntiet.</span> <span class='ocrx_word' id='word_1_357' title='bbox 1700 2130 1706 2136; x_wconf 89' lang='lat'><em>.</em></span> <span class='ocrx_word' id='word_1_358' title='bbox 1726 2130 1731 2136; x_wconf 94' lang='lat'>.</span> <span class='ocrx_word' id='word_1_359' title='bbox 1753 2130 1758 2135; x_wconf 89' lang='lat'><em>.</em></span> <span class='ocrx_word' id='word_1_360' title='bbox 1779 2133 1783 2137; x_wconf 90' lang='lat'>.</span> <span class='ocrx_word' id='word_1_361' title='bbox 1804 2130 2039 2136; x_wconf 85' lang='lat'>..........</span> 
     </span>
     <span class='ocr_line' id='line_1_93' title="bbox 780 2170 2040 2206; baseline -0.006 -7"><span class='ocrx_word' id='word_1_362' title='bbox 780 2176 918 2204; x_wconf 86' lang='lat' dir='ltr'>Robertus‚</span> <span class='ocrx_word' id='word_1_363' title='bbox 934 2175 1074 2206; x_wconf 87' lang='lat' dir='ltr'>episcopus</span> <span class='ocrx_word' id='word_1_364' title='bbox 1089 2172 1302 2201; x_wconf 74' lang='lat' dir='ltr'>Silvaneeiensis,</span> <span class='ocrx_word' id='word_1_365' title='bbox 1316 2171 1454 2195; x_wconf 88' lang='lat' dir='ltr'>Benedicto</span> <span class='ocrx_word' id='word_1_366' title='bbox 1477 2171 1521 2194; x_wconf 90' lang='lat' dir='ltr'>XII</span> <span class='ocrx_word' id='word_1_367' title='bbox 1542 2170 1642 2200; x_wconf 83' lang='lat' dir='ltr'>scribit,</span> <span class='ocrx_word' id='word_1_368' title='bbox 1660 2178 1687 2193; x_wconf 92' lang='lat' dir='ltr'>se</span> <span class='ocrx_word' id='word_1_369' title='bbox 1701 2170 1802 2193; x_wconf 85' lang='lat' dir='ltr'>litteras</span> <span class='ocrx_word' id='word_1_370' title='bbox 1823 2170 1854 2193; x_wconf 87' lang='lat' dir='ltr'>de</span> <span class='ocrx_word' id='word_1_371' title='bbox 1870 2170 2040 2201; x_wconf 87' lang='lat' dir='ltr'>suspensione</span> 
     </span>
     <span class='ocr_line' id='line_1_94' title="bbox 811 2216 2038 2251; baseline -0.004 -8"><span class='ocrx_word' id='word_1_372' title='bbox 811 2219 1012 2251; x_wconf 82' lang='lat' dir='ltr'>privilegiorum</span> <span class='ocrx_word' id='word_1_373' title='bbox 1028 2218 1136 2241; x_wconf 86' lang='lat' dir='ltr'>Parisiis</span> <span class='ocrx_word' id='word_1_374' title='bbox 1156 2216 1308 2248; x_wconf 77' lang='lat' dir='ltr'>publicasse</span> <span class='ocrx_word' id='word_1_375' title='bbox 1312 2232 1704 2239; x_wconf 70' lang='lat'>................</span> <span class='ocrx_word' id='word_1_376' title='bbox 1726 2235 1728 2237; x_wconf 84' lang='lat'>.</span> <span class='ocrx_word' id='word_1_377' title='bbox 1751 2231 1910 2238; x_wconf 87' lang='grc'><em>.......</em></span> <span class='ocrx_word' id='word_1_378' title='bbox 1931 2234 1934 2238; x_wconf 88' lang='grc'><em>,</em></span> <span class='ocrx_word' id='word_1_379' title='bbox 1956 2231 1961 2237; x_wconf 86' lang='grc'><em>.</em></span> <span class='ocrx_word' id='word_1_380' title='bbox 1983 2233 1987 2237; x_wconf 97' lang='grc'><em>.</em></span> <span class='ocrx_word' id='word_1_381' title='bbox 2008 2232 2013 2237; x_wconf 91' lang='grc'><strong>.</strong></span> <span class='ocrx_word' id='word_1_382' title='bbox 2033 2232 2038 2238; x_wconf 96' lang='grc'><em>.</em></span> 
     </span>
    </p>
   </div>
   <div class='ocr_carea' id='block_1_68' title="bbox 780 2277 2036 2305">
    <p class='ocr_par' dir='ltr' id='par_1_68' title="bbox 780 2277 2036 2305">
     <span class='ocr_line' id='line_1_95' title="bbox 780 2277 2036 2305; baseline -0.004 0"><span class='ocrx_word' id='word_1_383' title='bbox 780 2281 916 2305; x_wconf 86' lang='lat' dir='ltr'>Licentiati</span> <span class='ocrx_word' id='word_1_384' title='bbox 934 2281 959 2303; x_wconf 90' lang='lat' dir='ltr'>in</span> <span class='ocrx_word' id='word_1_385' title='bbox 977 2280 1100 2303; x_wconf 85' lang='lat' dir='ltr'>facultate</span> <span class='ocrx_word' id='word_1_386' title='bbox 1124 2278 1268 2302; x_wconf 89' lang='lat' dir='ltr'>medicinae</span> <span class='ocrx_word' id='word_1_387' title='bbox 1288 2277 1361 2301; x_wconf 87' lang='lat' dir='ltr'>Paris</span> <span class='ocrx_word' id='word_1_388' title='bbox 1366 2293 1677 2300; x_wconf 85' lang='lat'>.............</span> <span class='ocrx_word' id='word_1_389' title='bbox 1700 2296 1703 2300; x_wconf 88' lang='grc'>,</span> <span class='ocrx_word' id='word_1_390' title='bbox 1724 2292 2036 2300; x_wconf 89' lang='grc'>.............</span> 
     </span>
    </p>
   </div>
   <div class='ocr_carea' id='block_1_69' title="bbox 780 2337 2039 2374">
    <p class='ocr_par' dir='ltr' id='par_1_69' title="bbox 780 2337 2039 2374">
     <span class='ocr_line' id='line_1_96' title="bbox 780 2337 2039 2374; baseline -0.006 -7"><span class='ocrx_word' id='word_1_391' title='bbox 780 2343 977 2374; x_wconf 84' lang='lat' dir='ltr'>Assignationes</span> <span class='ocrx_word' id='word_1_392' title='bbox 992 2342 1205 2364; x_wconf 82' lang='lat' dir='ltr'>baccalareorum</span> <span class='ocrx_word' id='word_1_393' title='bbox 1221 2340 1284 2363; x_wconf 90' lang='lat' dir='ltr'>Ord.</span> <span class='ocrx_word' id='word_1_394' title='bbox 1300 2339 1392 2363; x_wconf 81' lang='lat' dir='ltr'>Prned.</span> <span class='ocrx_word' id='word_1_395' title='bbox 1408 2337 1522 2369; x_wconf 88' lang='lat' dir='ltr'>Capituli</span> <span class='ocrx_word' id='word_1_396' title='bbox 1543 2337 1674 2368; x_wconf 85' lang='lat' dir='ltr'>generalis</span> <span class='ocrx_word' id='word_1_397' title='bbox 1696 2337 1835 2360; x_wconf 85' lang='lat' dir='ltr'>Mediolani</span> <span class='ocrx_word' id='word_1_398' title='bbox 1855 2337 1979 2360; x_wconf 80' lang='lat' dir='ltr'>celebrati</span> <span class='ocrx_word' id='word_1_399' title='bbox 1991 2345 2039 2368; x_wconf 90' lang='lat' dir='ltr'>pro</span> 
     </span>
    </p>
   </div>
   <div class='ocr_carea' id='block_1_70' title="bbox 812 2387 2037 2411">
    <p class='ocr_par' dir='ltr' id='par_1_70' title="bbox 812 2387 2037 2411">
     <span class='ocr_line' id='line_1_97' title="bbox 812 2387 2037 2411; baseline -0.007 0"><span class='ocrx_word' id='word_1_400' title='bbox 812 2387 898 2411; x_wconf 87' lang='lat' dir='ltr'>studio</span> <span class='ocrx_word' id='word_1_401' title='bbox 918 2387 1001 2410; x_wconf 85' lang='lat' dir='ltr'>Paris.</span> <span class='ocrx_word' id='word_1_402' title='bbox 1027 2398 2037 2409; x_wconf 79' lang='lat'>........................................</span> 
     </span>
    </p>
   </div>
   <div class='ocr_carea' id='block_1_71' title="bbox 781 2442 2038 2477">
    <p class='ocr_par' dir='ltr' id='par_1_71' title="bbox 781 2442 2038 2477">
     <span class='ocr_line' id='line_1_98' title="bbox 781 2442 2038 2477; baseline -0.006 -4"><span class='ocrx_word' id='word_1_403' title='bbox 781 2451 911 2473; x_wconf 87' lang='lat' dir='ltr'>Statutum</span> <span class='ocrx_word' id='word_1_404' title='bbox 927 2448 1040 2471; x_wconf 88' lang='lat' dir='ltr'>nationis</span> <span class='ocrx_word' id='word_1_405' title='bbox 1054 2447 1233 2474; x_wconf 82' lang='lat' dir='ltr'>Picardorum,</span> <span class='ocrx_word' id='word_1_406' title='bbox 1259 2445 1328 2477; x_wconf 90' lang='lat' dir='ltr'>quod</span> <span class='ocrx_word' id='word_1_407' title='bbox 1350 2445 1423 2467; x_wconf 85' lang='lat' dir='ltr'>nulla</span> <span class='ocrx_word' id='word_1_408' title='bbox 1447 2444 1569 2474; x_wconf 79' lang='lat' dir='ltr'>deinceps</span> <span class='ocrx_word' id='word_1_409' title='bbox 1594 2446 1692 2466; x_wconf 82' lang='lat' dir='ltr'>statuta</span> <span class='ocrx_word' id='word_1_410' title='bbox 1718 2443 1782 2466; x_wconf 76' lang='lat' dir='ltr'>finnt</span> <span class='ocrx_word' id='word_1_411' title='bbox 1805 2442 1856 2465; x_wconf 88' lang='lat' dir='ltr'>nisi</span> <span class='ocrx_word' id='word_1_412' title='bbox 1874 2451 1888 2465; x_wconf 93' lang='lat' dir='ltr'>a</span> <span class='ocrx_word' id='word_1_413' title='bbox 1907 2442 2038 2474; x_wconf 89' lang='lat' dir='ltr'>principio</span> 
     </span>
    </p>
   </div>
   <div class='ocr_carea' id='block_1_72' title="bbox 811 2490 2038 2524">
    <p class='ocr_par' dir='ltr' id='par_1_72' title="bbox 811 2490 2038 2524">
     <span class='ocr_line' id='line_1_99' title="bbox 811 2490 2038 2524; baseline -0.006 -7"><span class='ocrx_word' id='word_1_414' title='bbox 811 2493 900 2524; x_wconf 83' lang='lat' dir='ltr'>magni</span> <span class='ocrx_word' id='word_1_415' title='bbox 917 2492 1044 2516; x_wconf 89' lang='lat' dir='ltr'>ordinarii</span> <span class='ocrx_word' id='word_1_416' title='bbox 1063 2500 1144 2523; x_wconf 90' lang='lat' dir='ltr'>usque</span> <span class='ocrx_word' id='word_1_417' title='bbox 1160 2491 1192 2514; x_wconf 87' lang='lat' dir='ltr'>ad</span> <span class='ocrx_word' id='word_1_418' title='bbox 1208 2490 1316 2514; x_wconf 84' lang='lat' dir='ltr'>Pascha.</span> <span class='ocrx_word' id='word_1_419' title='bbox 1338 2510 1341 2514; x_wconf 91' lang='grc'>,</span> <span class='ocrx_word' id='word_1_420' title='bbox 1363 2505 1575 2512; x_wconf 87' lang='grc'>.........</span> <span class='ocrx_word' id='word_1_421' title='bbox 1596 2508 1599 2511; x_wconf 94' lang='grc'>.</span> <span class='ocrx_word' id='word_1_422' title='bbox 1621 2504 2038 2511; x_wconf 68' lang='grc'>.................</span> 
     </span>
    </p>
   </div>
   <div class='ocr_carea' id='block_1_73' title="bbox 780 2548 2039 2626">
    <p class='ocr_par' dir='ltr' id='par_1_73' title="bbox 780 2548 2039 2626">
     <span class='ocr_line' id='line_1_100' title="bbox 780 2548 2039 2579; baseline -0.006 -1"><span class='ocrx_word' id='word_1_423' title='bbox 780 2555 935 2579; x_wconf 85' lang='lat' dir='ltr'>Franciscus</span> <span class='ocrx_word' id='word_1_424' title='bbox 962 2555 1083 2577; x_wconf 82' lang='lat' dir='ltr'>Petrarca</span> <span class='ocrx_word' id='word_1_425' title='bbox 1104 2552 1217 2576; x_wconf 79' lang='lat' dir='ltr'>Johanni</span> <span class='ocrx_word' id='word_1_426' title='bbox 1242 2552 1273 2574; x_wconf 89' lang='lat' dir='ltr'>de</span> <span class='ocrx_word' id='word_1_427' title='bbox 1295 2551 1422 2574; x_wconf 85' lang='lat' dir='ltr'>Columna</span> <span class='ocrx_word' id='word_1_428' title='bbox 1442 2549 1570 2572; x_wconf 82' lang='lat' dir='ltr'>cardinali</span> <span class='ocrx_word' id='word_1_429' title='bbox 1591 2548 1694 2571; x_wconf 82' lang='lat' dir='ltr'>nuntiat</span> <span class='ocrx_word' id='word_1_430' title='bbox 1718 2557 1745 2571; x_wconf 90' lang='lat' dir='ltr'>se</span> <span class='ocrx_word' id='word_1_431' title='bbox 1768 2557 1818 2571; x_wconf 87' lang='lat' dir='ltr'>una</span> <span class='ocrx_word' id='word_1_432' title='bbox 1838 2548 1979 2579; x_wconf 83' lang='lat' dir='ltr'>eademque</span> <span class='ocrx_word' id='word_1_433' title='bbox 1998 2549 2039 2571; x_wconf 89' lang='lat' dir='ltr'>die</span> 
     </span>
     <span class='ocr_line' id='line_1_101' title="bbox 811 2593 2039 2626; baseline -0.007 -3"><span class='ocrx_word' id='word_1_434' title='bbox 811 2601 919 2624; x_wconf 88' lang='lat' dir='ltr'>Romam</span> <span class='ocrx_word' id='word_1_435' title='bbox 943 2602 968 2621; x_wconf 87' lang='lat' dir='ltr'>et</span> <span class='ocrx_word' id='word_1_436' title='bbox 989 2597 1104 2621; x_wconf 83' lang='lat' dir='ltr'>Parisios</span> <span class='ocrx_word' id='word_1_437' title='bbox 1125 2596 1289 2624; x_wconf 81' lang='lat' dir='ltr'>accersitum,</span> <span class='ocrx_word' id='word_1_438' title='bbox 1306 2595 1338 2618; x_wconf 82' lang='lat' dir='ltr'>ad</span> <span class='ocrx_word' id='word_1_439' title='bbox 1358 2594 1487 2626; x_wconf 87' lang='lat' dir='ltr'>poeticam</span> <span class='ocrx_word' id='word_1_440' title='bbox 1509 2594 1627 2616; x_wconf 83' lang='lat' dir='ltr'>lauream</span> <span class='ocrx_word' id='word_1_441' title='bbox 1651 2593 1847 2623; x_wconf 82' lang='lat' dir='ltr'>recipiendam:</span> <span class='ocrx_word' id='word_1_442' title='bbox 1864 2595 1890 2615; x_wconf 93' lang='lat' dir='ltr'>et</span> <span class='ocrx_word' id='word_1_443' title='bbox 1909 2593 1942 2615; x_wconf 85' lang='lat' dir='ltr'>ab</span> <span class='ocrx_word' id='word_1_444' title='bbox 1959 2601 1988 2615; x_wconf 87' lang='lat' dir='ltr'>eo</span> <span class='ocrx_word' id='word_1_445' title='bbox 2008 2593 2039 2616; x_wconf 79' lang='lat' dir='ltr'>de</span> 
     </span>
    </p>
   </div>
   <div class='ocr_carea' id='block_1_74' title="bbox 811 2638 2037 2673">
    <p class='ocr_par' dir='ltr' id='par_1_74' title="bbox 811 2638 2037 2673">
     <span class='ocr_line' id='line_1_102' title="bbox 811 2638 2037 2673; baseline -0.007 -6"><span class='ocrx_word' id='word_1_446' title='bbox 811 2644 937 2667; x_wconf 83' lang='lat' dir='ltr'>alterutro</span> <span class='ocrx_word' id='word_1_447' title='bbox 952 2643 1008 2666; x_wconf 86' lang='lat' dir='ltr'>loco</span> <span class='ocrx_word' id='word_1_448' title='bbox 1023 2642 1142 2673; x_wconf 85' lang='lat' dir='ltr'>eligendo</span> <span class='ocrx_word' id='word_1_449' title='bbox 1157 2640 1311 2664; x_wconf 87' lang='lat' dir='ltr'>sententiam</span> <span class='ocrx_word' id='word_1_450' title='bbox 1323 2638 1436 2670; x_wconf 86' lang='lat' dir='ltr'>exquirit</span> <span class='ocrx_word' id='word_1_451' title='bbox 1439 2654 2037 2662; x_wconf 84' lang='grc'><em>........................</em></span> 
     </span>
    </p>
   </div>
   <div class='ocr_carea' id='block_1_75' title="bbox 780 2698 2038 2730">
    <p class='ocr_par' dir='ltr' id='par_1_75' title="bbox 780 2698 2038 2730">
     <span class='ocr_line' id='line_1_103' title="bbox 780 2698 2038 2730; baseline -0.007 -1"><span class='ocrx_word' id='word_1_452' title='bbox 780 2705 934 2730; x_wconf 88' lang='lat' dir='ltr'>Franciscus</span> <span class='ocrx_word' id='word_1_453' title='bbox 952 2705 1074 2728; x_wconf 83' lang='lat' dir='ltr'>Petrai-ca</span> <span class='ocrx_word' id='word_1_454' title='bbox 1089 2702 1202 2726; x_wconf 83' lang='lat' dir='ltr'>Johanni</span> <span class='ocrx_word' id='word_1_455' title='bbox 1223 2702 1253 2725; x_wconf 86' lang='lat' dir='ltr'>de</span> <span class='ocrx_word' id='word_1_456' title='bbox 1275 2701 1402 2725; x_wconf 87' lang='lat' dir='ltr'>Columna</span> <span class='ocrx_word' id='word_1_457' title='bbox 1424 2699 1560 2727; x_wconf 82' lang='lat' dir='ltr'>cardinali,</span> <span class='ocrx_word' id='word_1_458' title='bbox 1577 2699 1607 2722; x_wconf 90' lang='lat' dir='ltr'>de</span> <span class='ocrx_word' id='word_1_459' title='bbox 1632 2699 1712 2722; x_wconf 78' lang='lat' dir='ltr'>Roma</span> <span class='ocrx_word' id='word_1_460' title='bbox 1734 2698 1842 2722; x_wconf 86' lang='lat' dir='ltr'>Parisiis</span> <span class='ocrx_word' id='word_1_461' title='bbox 1866 2699 2038 2729; x_wconf 78' lang='lat' dir='ltr'>praeferenda</span> 
     </span>
    </p>
   </div>
   <div class='ocr_carea' id='block_1_76' title="bbox 811 2748 2038 2779">
    <p class='ocr_par' dir='ltr' id='par_1_76' title="bbox 811 2748 2038 2779">
     <span class='ocr_line' id='line_1_104' title="bbox 811 2748 2038 2779; baseline -0.007 -6"><span class='ocrx_word' id='word_1_462' title='bbox 811 2750 949 2773; x_wconf 91' lang='lat' dir='ltr'>consilium</span> <span class='ocrx_word' id='word_1_463' title='bbox 966 2748 1132 2779; x_wconf 83' lang='lat' dir='ltr'>amplectitur</span> <span class='ocrx_word' id='word_1_464' title='bbox 1135 2759 2038 2771; x_wconf 78' lang='lat'>....................................</span> 
     </span>
    </p>
   </div>
   <div class='ocr_carea' id='block_1_77' title="bbox 782 2804 2038 2842">
    <p class='ocr_par' dir='ltr' id='par_1_77' title="bbox 782 2804 2038 2842">
     <span class='ocr_line' id='line_1_105' title="bbox 782 2804 2038 2842; baseline -0.006 -7"><span class='ocrx_word' id='word_1_465' title='bbox 782 2813 883 2835; x_wconf 84' lang='lat' dir='ltr'>Statuta</span> <span class='ocrx_word' id='word_1_466' title='bbox 895 2819 960 2842; x_wconf 83' lang='lat' dir='ltr'>quae</span> <span class='ocrx_word' id='word_1_467' title='bbox 971 2809 1126 2840; x_wconf 77' lang='lat' dir='ltr'>debentlegi</span> <span class='ocrx_word' id='word_1_468' title='bbox 1139 2816 1186 2840; x_wconf 85' lang='lat' dir='ltr'>per</span> <span class='ocrx_word' id='word_1_469' title='bbox 1196 2808 1327 2831; x_wconf 87' lang='lat' dir='ltr'>bedellum</span> <span class='ocrx_word' id='word_1_470' title='bbox 1339 2814 1501 2829; x_wconf 82' lang='lat' dir='ltr'>communem</span> <span class='ocrx_word' id='word_1_471' title='bbox 1514 2805 1646 2829; x_wconf 85' lang='lat' dir='ltr'>facultatis</span> <span class='ocrx_word' id='word_1_472' title='bbox 1658 2805 1820 2828; x_wconf 89' lang='lat' dir='ltr'>decretorum</span> <span class='ocrx_word' id='word_1_473' title='bbox 1833 2813 1900 2827; x_wconf 85' lang='lat' dir='ltr'>anno</span> <span class='ocrx_word' id='word_1_474' title='bbox 1913 2804 2038 2836; x_wconf 73' lang='lat' dir='ltr'>quolibet,</span> 
     </span>
    </p>
   </div>
   <div class='ocr_carea' id='block_1_78' title="bbox 811 2850 2038 2887">
    <p class='ocr_par' dir='ltr' id='par_1_78' title="bbox 811 2850 2038 2887">
     <span class='ocr_line' id='line_1_106' title="bbox 811 2850 2038 2887; baseline -0.007 -8"><span class='ocrx_word' id='word_1_475' title='bbox 811 2856 837 2879; x_wconf 91' lang='lat' dir='ltr'>in</span> <span class='ocrx_word' id='word_1_476' title='bbox 853 2854 991 2887; x_wconf 85' lang='lat' dir='ltr'>principiis</span> <span class='ocrx_word' id='word_1_477' title='bbox 1008 2854 1149 2878; x_wconf 85' lang='lat' dir='ltr'>lectionum</span> <span class='ocrx_word' id='word_1_478' title='bbox 1163 2856 1217 2876; x_wconf 85' lang='lat' dir='ltr'>tam</span> <span class='ocrx_word' id='word_1_479' title='bbox 1233 2851 1401 2875; x_wconf 83' lang='lat' dir='ltr'>decretalium</span> <span class='ocrx_word' id='word_1_480' title='bbox 1420 2858 1498 2882; x_wconf 89' lang='lat' dir='ltr'>quam</span> <span class='ocrx_word' id='word_1_481' title='bbox 1509 2850 1671 2873; x_wconf 86' lang='lat' dir='ltr'>decretorum</span> <span class='ocrx_word' id='word_1_482' title='bbox 1676 2865 2038 2872; x_wconf 88' lang='grc'>...............</span> 
     </span>
    </p>
   </div>
   <div class='ocr_carea' id='block_1_79' title="bbox 2058 439 2062 1048">
    <p class='ocr_par' dir='ltr' id='par_1_79' title="bbox 2058 439 2062 1048">
     <span class='ocr_line' id='line_1_107' title="bbox 2058 439 2062 1048; baseline 0 0"><span class='ocrx_word' id='word_1_483' title='bbox 2058 439 2062 1048; x_wconf 95' lang='lat' dir='ltr'> </span> 
     </span>
    </p>
   </div>
   <div class='ocr_carea' id='block_1_80' title="bbox 2053 1744 2058 2387">
    <p class='ocr_par' dir='ltr' id='par_1_80' title="bbox 2053 1744 2058 2387">
     <span class='ocr_line' id='line_1_108' title="bbox 2053 1744 2058 2387; baseline 0 0"><span class='ocrx_word' id='word_1_484' title='bbox 2053 1744 2058 2387; x_wconf 95' lang='lat' dir='ltr'> </span> 
     </span>
    </p>
   </div>
   <div class='ocr_carea' id='block_1_81' title="bbox 2089 507 2135 789">
    <p class='ocr_par' dir='ltr' id='par_1_81' title="bbox 2089 507 2135 789">
     <span class='ocr_line' id='line_1_109' title="bbox 2089 507 2134 529; baseline 0.022 -1"><span class='ocrx_word' id='word_1_485' title='bbox 2089 507 2134 529; x_wconf 87' lang='grc'><strong>477</strong></span> 
     </span>
     <span class='ocr_line' id='line_1_110' title="bbox 2089 564 2135 586; baseline -0.022 0"><span class='ocrx_word' id='word_1_486' title='bbox 2089 564 2135 586; x_wconf 83' lang='grc'><strong>479</strong></span> 
     </span>
     <span class='ocr_line' id='line_1_111' title="bbox 2089 621 2135 643; baseline 0 0"><span class='ocrx_word' id='word_1_487' title='bbox 2089 621 2135 643; x_wconf 81' lang='grc'>480</span> 
     </span>
     <span class='ocr_line' id='line_1_112' title="bbox 2089 767 2134 789; baseline 0.022 -1"><span class='ocrx_word' id='word_1_488' title='bbox 2089 767 2134 789; x_wconf 87' lang='grc'>480</span> 
     </span>
    </p>
   </div>
   <div class='ocr_carea' id='block_1_82' title="bbox 2089 868 2134 890">
    <p class='ocr_par' dir='ltr' id='par_1_82' title="bbox 2089 868 2134 890">
     <span class='ocr_line' id='line_1_113' title="bbox 2089 868 2134 890; baseline 0 0"><span class='ocrx_word' id='word_1_489' title='bbox 2089 868 2134 890; x_wconf 89' lang='grc'>480</span> 
     </span>
    </p>
   </div>
   <div class='ocr_carea' id='block_1_83' title="bbox 2088 970 2132 992">
    <p class='ocr_par' dir='ltr' id='par_1_83' title="bbox 2088 970 2132 992">
     <span class='ocr_line' id='line_1_114' title="bbox 2088 970 2132 992; baseline 0 0"><span class='ocrx_word' id='word_1_490' title='bbox 2088 970 2132 992; x_wconf 83' lang='grc'>481</span> 
     </span>
    </p>
   </div>
   <div class='ocr_carea' id='block_1_84' title="bbox 2086 1478 2131 1602">
    <p class='ocr_par' dir='ltr' id='par_1_84' title="bbox 2086 1478 2131 1602">
     <span class='ocr_line' id='line_1_115' title="bbox 2087 1478 2131 1500; baseline 0 0"><span class='ocrx_word' id='word_1_491' title='bbox 2087 1478 2131 1500; x_wconf 89' lang='grc'>487</span> 
     </span>
     <span class='ocr_line' id='line_1_116' title="bbox 2086 1579 2130 1602; baseline 0 0"><span class='ocrx_word' id='word_1_492' title='bbox 2086 1579 2130 1602; x_wconf 90' lang='grc'>487</span> 
     </span>
    </p>
   </div>
   <div class='ocr_carea' id='block_1_85' title="bbox 2085 1681 2131 1876">
    <p class='ocr_par' dir='ltr' id='par_1_85' title="bbox 2085 1681 2131 1876">
     <span class='ocr_line' id='line_1_117' title="bbox 2085 1681 2131 1703; baseline 0 0"><span class='ocrx_word' id='word_1_493' title='bbox 2085 1681 2131 1703; x_wconf 88' lang='grc'>488</span> 
     </span>
     <span class='ocr_line' id='line_1_118' title="bbox 2085 1738 2131 1761; baseline 0.022 -1"><span class='ocrx_word' id='word_1_494' title='bbox 2085 1738 2131 1761; x_wconf 85' lang='grc'>489</span> 
     </span>
     <span class='ocr_line' id='line_1_119' title="bbox 2085 1796 2130 1818; baseline 0 0"><span class='ocrx_word' id='word_1_495' title='bbox 2085 1796 2130 1818; x_wconf 86' lang='grc'>492</span> 
     </span>
     <span class='ocr_line' id='line_1_120' title="bbox 2085 1854 2130 1876; baseline 0 0"><span class='ocrx_word' id='word_1_496' title='bbox 2085 1854 2130 1876; x_wconf 86' lang='grc'><strong>493</strong></span> 
     </span>
    </p>
   </div>
   <div class='ocr_carea' id='block_1_86' title="bbox 2085 1955 2131 2035">
    <p class='ocr_par' dir='ltr' id='par_1_86' title="bbox 2085 1955 2131 2035">
     <span class='ocr_line' id='line_1_121' title="bbox 2085 1955 2131 1977; baseline 0 0"><span class='ocrx_word' id='word_1_497' title='bbox 2085 1955 2131 1977; x_wconf 85' lang='grc'><strong>493</strong></span> 
     </span>
     <span class='ocr_line' id='line_1_122' title="bbox 2085 2013 2130 2035; baseline 0.022 -1"><span class='ocrx_word' id='word_1_498' title='bbox 2085 2013 2130 2035; x_wconf 91' lang='grc'>494</span> 
     </span>
    </p>
   </div>
   <div class='ocr_carea' id='block_1_87' title="bbox 2084 2114 2129 2136">
    <p class='ocr_par' dir='ltr' id='par_1_87' title="bbox 2084 2114 2129 2136">
     <span class='ocr_line' id='line_1_123' title="bbox 2084 2114 2129 2136; baseline 0.022 -1"><span class='ocrx_word' id='word_1_499' title='bbox 2084 2114 2129 2136; x_wconf 86' lang='grc'><strong>497</strong></span> 
     </span>
    </p>
   </div>
   <div class='ocr_carea' id='block_1_88' title="bbox 2083 2215 2129 2299">
    <p class='ocr_par' dir='ltr' id='par_1_88' title="bbox 2083 2215 2129 2299">
     <span class='ocr_line' id='line_1_124' title="bbox 2083 2215 2129 2237; baseline 0 0"><span class='ocrx_word' id='word_1_500' title='bbox 2083 2215 2129 2237; x_wconf 89' lang='grc'>498</span> 
     </span>
     <span class='ocr_line' id='line_1_125' title="bbox 2084 2277 2129 2299; baseline -0.022 0"><span class='ocrx_word' id='word_1_501' title='bbox 2084 2277 2129 2299; x_wconf 86' lang='grc'>500</span> 
     </span>
    </p>
   </div>
   <div class='ocr_carea' id='block_1_89' title="bbox 2084 2383 2129 2404">
    <p class='ocr_par' dir='ltr' id='par_1_89' title="bbox 2084 2383 2129 2404">
     <span class='ocr_line' id='line_1_126' title="bbox 2084 2383 2129 2404; baseline -0.022 0"><span class='ocrx_word' id='word_1_502' title='bbox 2084 2383 2129 2404; x_wconf 88' lang='grc'>500</span> 
     </span>
    </p>
   </div>
   <div class='ocr_carea' id='block_1_90' title="bbox 2084 2487 2126 2510">
    <p class='ocr_par' dir='ltr' id='par_1_90' title="bbox 2084 2487 2126 2510">
     <span class='ocr_line' id='line_1_127' title="bbox 2084 2487 2126 2510; baseline 0 0"><span class='ocrx_word' id='word_1_503' title='bbox 2084 2487 2126 2510; x_wconf 88' lang='grc'>501</span> 
     </span>
    </p>
   </div>
   <div class='ocr_carea' id='block_1_91' title="bbox 2084 2638 2128 2766">
    <p class='ocr_par' dir='ltr' id='par_1_91' title="bbox 2084 2638 2128 2766">
     <span class='ocr_line' id='line_1_128' title="bbox 2084 2638 2126 2660; baseline 0 0"><span class='ocrx_word' id='word_1_504' title='bbox 2084 2638 2126 2660; x_wconf 85' lang='grc'>501</span> 
     </span>
     <span class='ocr_line' id='line_1_129' title="bbox 2084 2744 2128 2766; baseline 0 0"><span class='ocrx_word' id='word_1_505' title='bbox 2084 2744 2128 2766; x_wconf 83' lang='grc'><strong>503</strong></span> 
     </span>
    </p>
   </div>
   <div class='ocr_carea' id='block_1_92' title="bbox 2084 2850 2129 2872">
    <p class='ocr_par' dir='ltr' id='par_1_92' title="bbox 2084 2850 2129 2872">
     <span class='ocr_line' id='line_1_130' title="bbox 2084 2850 2129 2872; baseline 0 0"><span class='ocrx_word' id='word_1_506' title='bbox 2084 2850 2129 2872; x_wconf 83' lang='grc'><strong>503</strong></span> 
     </span>
    </p>
   </div>
  </div>
 </body>
</html>
