2534 3444
1038 337 1128 358 Τωιιι.
1167 338 1207 359 ιι.
1244 338 1458 360 ΑνιηςΝιιιΧ.
2106 331 2171 362 693

319 407 455 440 magister
476 407 506 432 in
531 408 714 440 theologiam.
740 409 809 434 item
835 409 864 434 in
887 410 1008 443 vesperis
1034 411 1156 444 alicujus
1179 412 1322 443 magistri:
1346 413 1414 438 item
1436 414 1522 438 semel
1549 413 1579 439 in
1601 414 1666 439 aula
1688 414 1950 442 Cerl›onilaruni¹'·,
1968 416 2096 447 tempora
2111 422 2171 447 quo

318 456 448 488 magistri
466 456 495 481 in
516 456 659 489 theologia
681 464 739 482 non
760 458 871 490 legunt,
893 459 998 484 scilicet
1020 459 1094 484 inter
1115 460 1219 485 sosium
1239 461 1436 493 apostolorum
1455 463 1484 487 et
1504 462 1608 487 festum
1624 462 1809 487 Exaltationis
1827 462 1926 487 Sancte
1939 463 2080 491 (li-ncis¹·''*:
2101 463 2171 488 item

317 504 392 530 cmel
415 504 451 530 de
466 504 605 537 Quolibeto
626 505 655 530 in
676 505 808 531 Adventu
831 507 872 531 vcl
893 507 1018 535 circiter:
1040 508 1109 533 item
1126 509 1212 533 semel
1233 509 1263 534 in
1283 509 1527 542 (lisputationibus
1542 510 1722 542 generalibus
1741 512 1897 543 antequam
1918 511 2105 543 permittatur
2119 511 2170 536 sibi

314 560 398 585 cgere
414 552 615 578 Sente1uias⁴¹².
1798 545 1801 548 ⁴

408 609 430 632 1.
447 609 466 632 l.
486 617 517 637 e.,
535 610 605 640 apud
622 611 715 633 fratres
730 611 852 634 Minores.
872 625 898 628 —
915 612 937 635 2.
955 613 1028 643 Apud
1047 613 1140 635 fratres
1154 613 1358 636 Praedicatorcs.
1377 628 1404 631 —
1417 615 1439 637 3.
1454 614 1585 637 Ecclesiae
1598 614 1661 638 Ord.
1677 615 1767 637 Praeti.
1785 629 1812 631 -—
1826 616 1849 638 ἰ.
1861 615 1910 638 Seu
1926 615 1993 637 ‹licm
2010 616 2083 638 aulae
2100 624 2169 643 snae,

315 653 419 684 qnando
443 653 543 676 scilicet
564 653 712 677 licentiatus
733 654 860 678 birretnm
878 656 1030 686 magistrale
1052 657 1196 688 recipiebat
1218 658 1358 689 statimque
1379 658 1493 688 primum
1509 662 1596 681 actum
1612 659 1790 689 magistralem
1814 659 1954 689 incipiebat
1969 662 1993 682 et
2013 660 2124 683 tenebat.
2143 660 2169 682 V.

315 705 395 728 supra
409 701 437 720 n⁰
449 698 503 726 912,
521 701 572 721 not.
591 698 613 728 1,
629 702 654 722 et
669 699 737 722 infra
750 703 802 722 not.
821 702 834 723 5
851 700 932 729 (rubr.
950 701 1016 730 xm).
1034 701 1068 723 De
1084 701 1144 723 aula
1159 701 1184 724 in
1200 701 1277 724 domo
1293 702 1425 725 Sorbonae
1439 711 1462 726 v.
1477 703 1543 725 infra
1559 703 1616 732 (18).
1627 717 1658 720 -
1673 705 1695 725 5.
1713 703 1743 725 lli
1759 706 1831 725 actus
1848 703 1951 726 licentia
1968 707 2069 734 recepta
2086 704 2169 726 locum

316 742 456 766 habebant.
478 743 505 765 V.
522 751 603 774 supra
626 748 654 766 n0
677 744 745 772 1185,
762 745 819 773 (24),
836 748 888 767 not.
905 746 928 768 9.
947 753 957 767 r(
972 745 1166 775 Disputationes
1183 754 1232 776 quc
1248 746 1370 769 dicuntur
1388 747 1511 776 l'esperie
1526 750 1587 769 sunt
1601 747 1693 770 ceteris
1705 747 1926 777 disputationibus
1941 748 2138 778 sullempniorcs
2149 757 2170 774 ι),

315 786 428 809 Oxoniae
453 795 494 810 un.
519 787 578 809 '1:312
596 787 731 811 dicebatur
747 789 881 817 (Rashdall
905 789 930 811 in
952 790 1057 819 Oxford
1074 790 1147 813 Hist.
1171 790 1287 821 Society.
1314 791 1495 817 Colluctanea,
1523 792 1554 818 Il,
1574 792 1637 821 232).
1661 792 1725 814 Tum
1747 791 1855 814 Parisiis
1879 791 1912 822 (v.
1931 792 2014 815 tom.l
2033 792 2171 820 Chartul.‚

314 839 340 861 p.
357 832 410 858 596,
428 834 480 854 not.
500 832 522 861 7)
534 840 611 863 quam
628 832 742 855 Oxoniue
754 832 808 864 jam
825 841 892 856 saec.
910 841 957 856 >1111
974 833 1106 864 vigebant,
1128 834 1195 857 sicut
1219 837 1243 857 ct
1268 834 1458 865 disputationes
1480 835 1504 858 in
1530 836 1608 859 aula.
1632 835 1756 862 Quamvis
1781 835 1829 858 huc
1853 835 2043 866 disputationes
2064 836 2171 859 Parisiis

314 875 442 906 originem
458 876 585 903 duxerint,
600 885 730 908 nusquam
745 880 832 900 tamen
850 877 875 900 in
890 877 995 900 statutis
1011 878 1131 901 Univers.
1147 878 1230 901 Paris.
1247 879 1401 909 explicatur.
1427 879 1452 902 in
1479 888 1529 910 quo
1554 879 1619 902 istae
1638 880 1784 910 vesperioe,
1802 880 1870 902 sicut
1889 883 1914 902 ct
1933 880 2123 910 disputationes
2146 880 2170 902 in

313 919 384 943 aula
406 923 565 951 constarent,
588 920 676 952 utique
698 921 759 952 quia
780 930 843 944 usus
860 922 939 944 semel
955 922 1118 945 introductus
1135 931 1238 954 semper
1259 923 1344 953 viguit
1367 926 1392 946 et
1416 931 1428 946 e
1444 923 1569 946 memoria
1594 924 1792 954 suppositorum
1809 932 1941 955 nunquam
1957 925 2062 955 clapsus
2079 927 2125 947 est.
2143 925 2171 947 In

314 963 383 986 Bibl.
400 964 603 992 Cucs.Vindob.,
621 973 669 988 ms.
686 966 731 988 lat.
753 966 822 993 4929,
842 966 886 989 t‘ol.
901 966 963 989 261b
986 975 1024 997 sq.
1050 968 1126 996 (saec.
1151 974 1194 990 xu·
1218 969 1340 997 exeunt),
1357 971 1458 990 tuntum
1482 967 1649 991 inveniuntur
1673 968 1739 991 duae
1760 968 1889 996 rubricae,
1914 969 1954 992 De
1974 968 2111 998 vesperiis,
2137 971 2171 997 et,

314 1007 351 1032 I'n
367 1008 445 1035 aula.
465 1009 607 1032 secundum
620 1018 696 1032 usum
712 1010 795 1033 Paris.
813 1018 880 1033 saec.
897 1018 941 1033 xn'
956 1011 1082 1039 exeuntis,
1097 1019 1162 1042 quae
1179 1014 1263 1034 tamen
1279 1020 1360 1042 paene
1376 1012 1408 1034 ad
1426 1012 1535 1035 verbum
1550 1012 1576 1034 in
1594 1012 1699 1035 statutis
1715 1013 1829 1043 theolog.
1853 1021 1894 1035 an.
1911 1013 1971 1035 1389
1987 1012 2171 1036 Univcrsitatis

313 1052 423 1075 Vindob.
448 1057 588 1076 occurrunt
605 1054 689 1083 (Kink,
705 1054 799 1078 Gesch.
817 1056 843 1078 d.
857 1055 927 1079 kais.
943 1055 1111 1079 Universitc'it
1133 1056 1218 1085 Vl'ien,
1243 1056 1410 1086 ΙΙ,124-12ὓ).
1434 1057 1525 1079 Modus
1540 1057 1643 1079 tenendi
1659 1057 1706 1079 hos
1722 1060 1794 1079 aetus
1819 1056 1883 1080 ibid.
1902 1057 1969 1079 sicut
1983 1057 2060 1079 etiam
2074 1057 2099 1079 in
2118 1060 2171 1080 sta-

314 1096 377 1119 tutis
397 1097 518 1121 Univcrs.
546 1098 635 1121 Colon.
659 1106 700 1120 an.
725 1099 784 1121 1393
807 1099 922 1128 (Binnco,
947 1099 998 1122 Die
1021 1099 1078 1123 alte
1105 1100 1272 1124 Universitc'it
1298 1100 1381 1127 Κόὶη,
1400 1101 1417 1128 Ι,
1433 1100 1571 1130 Anlaqen,
1589 1109 1616 1131 p.
1632 1101 1660 1123 47
1677 1102 1728 1131 sq.)
1748 1100 1861 1123 breviter
1885 1100 2051 1128 describitur,
2067 1101 2172 1124 brevius

313 1141 392 1164 etiam
415 1141 440 1164 in
463 1142 577 1173 antiquis
603 1142 707 1165 statutis
739 1142 858 1166 Univers.
890 1143 1057 1174 Heidelberg.
1086 1144 1286 1174 (Winkelmann.
1316 1145 1550 1172 Urlssundenbuch,
1576 1145 1599 1176 l⁷
1622 1146 1660 1174 ⁶23)
1683 1148 1707 1167 ct
1729 1145 1848 1168 Univers.
1880 1145 2023 1168 Tolosanae
2043 1153 2084 1168 an.
2113 1145 2172 1167 1366

314 1186 459 1215 (Fournier,
476 1187 526 1210 Les
538 1191 652 1216 statues,
668 1190 725 1211 otc..
743 1188 761 1215 I,
778 1188 842 1216 611).
858 1188 884 1210 ln
900 1191 1004 1210 extenso
1019 1196 1080 1211 vcro
1095 1189 1241 1219 explicatur
1256 1189 1281 1211 in
1296 1189 1400 1211 statutis
1412 1189 1526 1219 theolog.
1542 1189 1631 1213 studii
1643 1190 1752 1213 Bonon.
1767 1192 1827 1220 post
1843 1197 1883 1212 an.
1908 1190 1967 1211 1362
1983 1189 2143 1220 compositis,
2160 1198 2173 1211 e

315 1230 411 1261 quibus
431 1231 566 1261 sequentia
583 1239 651 1253 nune
666 1231 781 1262 primum
797 1231 823 1254 in
839 1232 923 1254 lucem
937 1232 1104 1263 proferimus,
1122 1233 1252 1263 exscripto
1268 1241 1316 1256 ms.
1334 1233 1401 1256 Bibl.
1417 1233 1554 1256 Seminarii
1576 1234 1681 1260 Bonon.,
1699 1234 1742 1256 sol.
1761 1234 1789 1256 13
1805 1242 1844 1264 sq.
1860 1234 1931 1260 Quae
1952 1234 2023 1256 uncis
2040 1227 2172 1264 angulatis

315 1275 416 1297 inclusa
435 1278 503 1302 sunt,
520 1275 682 1306 sumpsimus
698 1284 710 1298 e
726 1284 774 1298 ms.
790 1276 885 1299 horum
901 1280 1057 1299 statutorum
1075 1277 1099 1299 in
1118 1277 1222 1300 Archiv.
1238 1277 1358 1300 UniverS.
1376 1278 1495 1305 Vindob.,
1513 1278 1569 1300 rod.
1586 1278 1666 1300 theol.
1680 1278 1733 1305 Vll,
1751 1278 1794 1301 sol.
1810 1278 1862 1303 ¹111,
1879 1281 2099 1300 ‹-0ns1=rv.¹1u›ruin.

408 1330 419 1340 «ι
438 1320 476 1342 De
489 1324 610 1349 tempore
624 1324 650 1344 et
663 1322 741 1344 modo
762 1321 958 1350 Vesperiarum
973 1321 1062 1351 (Rubr.
1080 1324 1134 1350 xli).
1153 1322 1274 1352 Vesperie
1289 1322 1356 1344 dicte
1372 1325 1433 1344 sunt
1447 1325 1554 1352 propter
1568 1322 1659 1344 boram
1678 1322 1752 1352 quasi
1768 1322 1956 1352 vesperiarum,
1973 1322 2028 1345 scil.
2045 1322 2171 1344 ‹lccimam

316 1372 419 1390 nonam,
443 1363 467 1386 in
484 1373 535 1395 qua
550 1365 624 1389 fiunt,
640 1368 746 1395 excepto
762 1365 830 1396 quod
846 1365 871 1387 in
888 1365 1095 1396 Quadi-agesimo
1113 1374 1207 1395 magna
1222 1367 1286 1388 liunt
1301 1370 1360 1388 ante
1374 1366 1522 1397 prandium.
1541 1367 1589 1389 Pro
1605 1366 1700 1397 quibus
1714 1366 1874 1390 ordinamus,
1892 1367 1959 1397 qnod
1976 1366 2086 1396 quilibet
2097 1366 2173 1388 licen—

315 1408 395 1430 tiatus
412 1408 600 1439 vesperiandus
618 1409 751 1436 (Parisiis'.
769 1409 875 1432 indutus
891 1418 989 1440 cappa,
1008 1418 1055 1432 ms.
1075 1410 1182 1432 Vindob.
1199 1411 1269 1441 Ιι929)
1285 1411 1377 1433 salu-m
1394 1419 1440 1441 per
1455 1411 1510 1433 dies
1527 1414 1583 1433 octo
1601 1410 1733 1441 (Purisiisz
1751 1418 1797 1441 per
1813 1410 1958 1441 quindecim
1973 1410 2041 1437 ‹li‹·s;
2055 1419 2102 1434 ms.
2115 1411 2173 1432 Yin-

316 1452 377 1475 dob.
394 1453 464 1482 4929)
481 1453 623 1475 antediem
639 1462 747 1476 suarum
763 1454 941 1484 vesperiarum
964 1457 1050 1484 portet
1071 1454 1176 1477 cedulas
1194 1462 1299 1477 suarum
1323 1455 1497 1485 questionum,
1522 1455 1675 1485 precedente
1700 1455 1806 1482 hidcllo,
1829 1455 1930 1477 dnobus
1954 1454 2088 1485 magistris
2109 1455 2173 1477 anti-

315 1496 451 1527 quioribus
467 1497 510 1527 qui
526 1497 623 1520 habent
637 1506 769 1528 opponere
785 1497 918 1526 (Parisiist
934 1506 982 1528 per
997 1498 1087 1520 domos
1102 1498 1218 1520 omnium
1234 1498 1421 1529 magistrorum
1443 1502 1468 1521 et
1487 1499 1698 1521 haccalareorum
1724 1500 1913 1527 taruanorum),
1936 1498 1961 1520 in
1984 1499 2079 1529 quibus
2104 1498 2171 1521 tituli

315 1544 438 1572 quattuor
451 1541 616 1572 questionum
632 1541 685 1564 sint
702 1542 802 1572 scripti,
820 1542 919 1565 scilicet
934 1543 1044 1564 duarum
1061 1551 1110 1573 que
1125 1543 1294 1573 disputantur
1316 1543 1342 1565 in
1368 1543 1495 1574 vesperis,
1511 1546 1536 1565 et
1551 1543 1662 1565 duarum
1678 1551 1726 1574 que.
1739 1543 1907 1573 disputantur
1932 1543 1955 1565 in
1972 1543 2031 1565 aula
2048 1542 2171 1573 ipsius...

316 1586 427 1616 Excepto
444 1585 524 1616 igitur
540 1589 655 1617 tempore
669 1586 798 1617 majorum
814 1586 979 1609 vacationum
995 1587 1112 1617 qualibet
1127 1587 1168 1609 dic
1183 1587 1283 1618 legibili
1300 1587 1455 1609 lectionibus
1478 1587 1601 1609 obmissis
1626 1590 1650 1609 ct
1672 1587 1788 1617 qualibet
1803 1587 1844 1609 die
1859 1587 2014 1617 (lisputahili
2035 1587 2104 1609 omni
2120 1587 2172 1609 alia

315 1630 492 1660 disputatione
508 1630 613 1653 exclusa
627 1634 751 1661 poterunt
766 1630 847 1653 teneri
863 1630 989 1661 vesperie,
1007 1631 1039 1653 ad
1055 1639 1119 1661 quas
1136 1639 1224 1654 omnes
1239 1631 1270 1653 de
1286 1634 1375 1654 nostra
1391 1632 1512 1654 facultate
1528 1631 1665 1654 convenire
1683 1631 1786 1653 debent,

411 1683 421 1696 (ι
440 1675 534 1697 Earum
551 1675 643 1697 modus
659 1678 698 1697 est
713 1675 770 1698 istc.
788 1675 875 1698 Primo
890 1674 1041 1706 disputatur
1056 1675 1170 1698 breviter
1186 1684 1236 1698 una
1252 1675 1354 1706 questio
1375 1676 1423 1698 sub
1446 1676 1587 1698 reverendo
1603 1675 1726 1706 magistro
1741 1678 1842 1697 tenente
1858 1674 2000 1705 vesperias.
2014 1683 2062 1706 que
2080 1674 2175 1697 (licitur

315 1718 476 1749 expectativa
493 1718 539 1747 (sic
550 1722 574 1741 et
583 1719 714 1748 Coloniae)
730 1719 926 1750 magistrorum,
944 1719 1017 1749 cujus
1033 1722 1072 1742 est
1087 1719 1247 1750 responsalis
1262 1719 1357 1750 aliquis
1371 1720 1515 1750 graduatus
1533 1720 1658 1750 [Vindob.
1671 1722 1695 1741 et
1708 1719 1738 1741 de
1751 1719 1809 1749 jure
1825 1722 1883 1741 actu
1899 1719 1986 1749 legens
2004 1719 2171 1749 Sententias].

317 1763 367 1785 Hec
383 1766 468 1785 autem
483 1763 583 1793 questio
599 1766 637 1786 est
652 1763 738 1794 prima
754 1764 784 1786 de
800 1766 923 1794 quattuor
938 1763 1118 1794 questionibus
1135 1772 1199 1794 quas
1216 1763 1404 1794 vesperiundus
1420 1764 1470 1786 sihi
1486 1772 1533 1794 pro
1549 1767 1608 1786 voto
1623 1763 1740 1793 elegerit.
1759 1763 1789 1785 Et
1806 1763 1837 1785 ad
1852 1763 1917 1785 hanc
1934 1763 2093 1794 questionem
2114 1766 2175 1793 post

316 1807 472 1838 magistrum
488 1810 601 1838 arguunt
617 1807 761 1830 bachalarii
777 1816 876 1835 omnes,
894 1816 960 1830 unus
977 1811 1037 1838 post
1050 1808 1139 1835 ulium,
1160 1808 1215 1830 sine
1231 1808 1410 1838 responsione
1428 1809 1569 1838 Postquam
1582 1815 1643 1830 vero
1659 1815 1747 1829 omnes
1766 1807 1909 1838 arguerint,
1931 1807 2091 1837 responsalis
2106 1815 2175 1830 reas-

316 1855 402 1874 sumat
422 1852 507 1874 solum
531 1851 610 1882 primi
633 1852 767 1882 arguentis
790 1852 915 1875 rationem
944 1860 1000 1874 eam
1024 1853 1136 1880 solvens⁷
1158 1856 1183 1874 et
1202 1855 1241 1875 cst
1261 1852 1318 1874 sinis
1342 1852 1419 1882 hujus
1442 1851 1597 1883 questionis.
1619 1852 1674 1878 Quo
1698 1853 1764 1874 sacto
1787 1860 1853 1873 unns
1878 1852 1964 1873 senior
1986 1851 2172 1881 magistrorum

315 1900 463 1919 nostrorum
480 1896 572 1919 sedens
588 1896 712 1927 proponit
726 1896 888 1927 questionem
903 1897 1042 1919 secundam
1058 1897 1089 1919 de
1104 1896 1228 1927 predictis
1244 1899 1367 1927 quattuor
1382 1896 1434 1926 ipsi
1449 1896 1623 1926 vesperiaudo
1639 1895 1747 1923 sedenti,
1764 1903 1876 1926 arguens
1890 1902 1942 1925 prs)
1958 1898 1982 1918 et
1997 1900 2107 1919 contra.
2122 1895 2173 1922 Qui

316 1941 504 1971 vesperiandus
520 1949 685 1963 reassumens
696 1940 859 1971 propositam
875 1940 1036 1971 questionem
1053 1944 1200 1963 reverenter
1217 1942 1311 1963 format
1326 1940 1482 1971 positionem
1505 1948 1579 1962 suam
1598 1940 1745 1970 pulchram,
1762 1939 1892 1967 subtilem,
1908 1939 2006 1967 utilem,
2026 1940 2174 1970 aliqualiter

315 1985 452 2016 prolixam,
470 1986 516 2008 sed
532 1993 600 2008 mere
616 1985 800 2016 theologicam,
815 1988 906 2008 eontra
922 1985 995 2016 cujus
1011 1985 1080 2007 dicta
1096 1985 1206 2016 opponit
1218 1985 1309 2007 sedens
1327 1985 1452 2015 magister
1477 1984 1531 2015 [qui
1553 1984 1701 2015 proposuit]
1725 1992 1771 2015 per
1787 1984 1836 2006 tria
1847 1987 1892 2006 aut
1902 1987 2024 2014 quattuor
2045 1984 2172 2014 [Vindob.

316 2038 363 2060 per
379 2033 491 2060 quatuor
508 2032 552 2052 aut
565 2029 688 2060 quinque]
707 2029 792 2052 media
805 2030 837 2052 ad
853 2029 923 2060 plnS,
936 2032 960 2052 et
974 2029 1162 2060 vcspcriandus
1185 2029 1326 2060 respondet
1350 2032 1497 2051 reverenter
1523 2028 1653 2059 [Vindob.
1671 2029 1703 2050 ad
1727 2028 1778 2050 duo
1803 2028 1897 2058 media]
1921 2036 2003 2059 usquc
2023 2029 2054 2050 ad
2071 2028 2173 2051 tertiam

317 2074 513 2105 replicationem
537 2074 667 2105 [Vindob.
684 2082 732 2104 pro
748 2074 864 2105 quolibet
885 2074 995 2096 duorum
1019 2074 1184 2104 mediorum}
1203 2075 1233 2096 Et
1254 2074 1342 2096 statim
1364 2076 1425 2104 post
1447 2073 1513 2095 alins
1537 2073 1662 2103 magister
1679 2073 1710 2095 de
1725 2073 1871 2095 senioribus
1887 2073 1995 2103 opponit
2010 2073 2111 2095 (luobus
2134 2072 2174 2094 vel

316 2118 401 2141 tribus
427 2118 556 2149 [Vindob.
582 2118 704 2149 quatuor]
731 2118 822 2141 mediis
848 2122 938 2141 contra
953 2118 1022 2140 dicta
1038 2119 1077 2141 vel
1091 2121 1181 2140 eontra
1201 2118 1356 2149 positionem
1373 2117 1548 2148 vespm-iaudi,
1563 2120 1588 2139 ct
1603 2117 1642 2139 his·
1664 2117 1790 2147 replicare
1809 2119 1895 2147 potest
1911 2117 1939 2147 [i.
1959 2126 1990 2146 (κ,
2011 2120 2035 2139 ct
2052 2117 2112 2139 fucit
2126 2125 2173 2147 pro

317 2163 402 2194 primo
418 2162 502 2185 medio
518 2163 582 2185 duas
597 2163 636 2185 vel
652 2166 704 2185 tres
730 2163 967 2194 replicationes]....
994 2163 1038 2185 llis
1060 2162 1173 2193 peractis
1199 2162 1324 2192 magister
1346 2162 1390 2193 qui
1410 2164 1479 2184 tenet
1499 2161 1649 2184 cathedram
1672 2161 1732 2183 facit
1756 2160 1919 2183 collationem
1941 2161 2174 2183 conmwndativam

318 2215 390 2229 sacre
404 2207 537 2237 Scripture
554 2215 598 2229 nec
615 2215 664 2229 non
681 2207 797 2230 doctrine
813 2215 842 2229 ac
858 2215 960 2229 morum
976 2206 1142 2237 vespcriandi
1158 2206 1179 2229 si
1193 2206 1242 2228 sibi
1258 2206 1395 2236 placuerit,
1412 2206 1552 2228 dummodo
1565 2205 1664 2227 nullum
1678 2205 1796 2227 indi-crus
1813 2204 1852 2227 vel
1868 2205 2031 2227 inhonestum
2048 2206 2172 2235 proferat,

318 2251 385 2282 qnod
402 2254 518 2273 vertatur
533 2251 558 2273 in
571 2251 682 2273 dedecus
699 2250 864 2281 vesperiandi
882 2253 926 2273 aut
942 2250 1085 2281 religionis,
1103 2251 1134 2273 dc
1147 2259 1198 2281 qua
1213 2250 1297 2272 dictus
1320 2249 1508 2280 vesperiandns
1533 2252 1572 2271 est
1595 2250 1739 2279 professus.
1766 2249 1795 2271 Et
1813 2249 1837 2271 in
1863 2249 1911 2271 fin<-
1936 2248 2090 2279 pronunciat
2106 2249 2173 2271 diem

319 2295 358 2318 sui
375 2294 514 2325 vcspcriati
531 2295 598 2323 aule,
613 2295 709 2317 librum
725 2303 802 2325 quem
815 2295 884 2324 leget
899 2295 962 2317 etin
979 2294 1073 2325 quibus
1090 2294 1167 2317 scolis
1184 2294 1260 2325 leget,
1277 2297 1301 2316 ct
1317 2294 1353 2316 sic
1366 2296 1405 2316 est
1420 2293 1479 2316 finis
1493 2293 1711 2323 vcsperiarum..i.

412 2348 422 2361 «
440 2339 480 2362 De
495 2343 615 2369 tempore
630 2343 654 2362 ee
668 2339 756 2362 modis
771 2339 801 2362 in
821 2339 975 2369 multiplici
989 2343 1054 2362 actu
1074 2338 1139 2362 aule
1154 2338 1229 2369 (Rub.
1246 2339 1313 2367 χιιι).
1330 2338 1395 2360 Aula
1417 2337 1454 2360 sic
1476 2340 1583 2359 vocatur
1607 2337 1668 2367 quia
1688 2340 1760 2358 actus
1787 2336 1841 2366 ojus
1858 2337 1922 2358 fiunt
1937 2336 2052 2359 parisius
2071 2336 2095 2358 in
2113 2337 2173 2359 aula

318 2383 415 2407 domini
431 2383 556 2414 episcopi,
571 2383 684 2406 Bononio
700 2391 760 2406 vero
777 2383 802 2405 in
825 2383 934 2406 eeclesia
956 2383 1043 2405 Sancti
1069 2382 1146 2410 Petri,
1164 2386 1188 2405 ct
1210 2382 1347 2413 utrobique
1372 2382 1398 2404 in
1421 2381 1512 2404 mediis
1537 2381 1631 2404 tertiis.
1657 2381 1737 2403 Porro
1751 2383 1824 2403 actus
1849 2381 1907 2403 aule
1921 2389 2052 2411 nunqnam
2070 2381 2132 2403 liant
2147 2381 2172 2403 in

320 2428 499 2450 vacationibus
514 2427 625 2457 lnugniS,
640 2427 702 2450 etin
718 2430 770 2450 toto
787 2427 838 2449 alio
850 2430 967 2457 tempore
981 2435 1030 2449 non
1048 2427 1097 2449 nisi
1114 2427 1138 2449 in
1155 2427 1196 2449 die
1217 2426 1317 2457 legibili
1343 2429 1368 2449 et
1389 2425 1553 2456 disputabili,
1579 2425 1606 2447 in
1623 2433 1683 2455 qua,
1697 2425 1719 2447 si
1736 2424 1770 2447 sit
1783 2424 1852 2452 aula,
1870 2425 1941 2447 nulla
1964 2425 2026 2447 alibi
2044 2425 2119 2447 lectio
2133 2425 2173 2447 vel

319 2472 462 2503 disputatio
475 2473 524 2494 erit
540 2472 564 2494 in
582 2472 627 2494 illa
642 2472 691 2495 die.
706 2472 742 2494 Ad
758 2474 831 2494 actus
848 2471 905 2494 aule
919 2479 1007 2494 omnes
1024 2471 1143 2501 magistri
1160 2479 1301 2501 omnesque
1317 2470 1461 2493 bachalarii
1477 2469 1581 2492 formati
1597 2472 1621 2491 ct
1637 2477 1686 2491 non
1701 2469 1804 2491 formati
1820 2472 1844 2491 ct
1855 2469 1969 2491 scolares
1987 2469 2068 2491 nostri
2084 2477 2172 2491 omnes

319 2516 456 2539 convenire
471 2516 565 2539 debent
580 2516 690 2538 sollicite
704 2516 728 2538 in
746 2515 837 2538 mediis
853 2515 937 2538 tertiis
953 2515 978 2537 in
995 2515 1140 2545 inceptione
1156 2523 1283 2545 campane
1299 2514 1387 2537 Sancti
1411 2514 1489 2537 Petri.
1514 2513 1639 2544 Magister
1661 2521 1743 2536 novus
1768 2512 1896 2535 aulandus
1913 2513 1984 2535 sedet
2005 2513 2029 2535 in
2051 2513 2134 2535 modio
2149 2516 2174 2536 et

317 2561 390 2591 juxta
403 2569 460 2583 cuin
474 2561 506 2583 ad
522 2561 652 2583 dexteram
667 2560 787 2582 dominus
802 2559 975 2582 cancellaiius
992 2560 1032 2582 vel
1049 2559 1104 2590 ejus
1120 2559 1202 2582 vicem
1220 2567 1321 2589 gerens,
1337 2561 1361 2581 et
1376 2561 1564 2588 consequenter
1576 2557 1649 2588 juxta
1665 2565 1724 2579 eum
1740 2557 1859 2587 magistri
1876 2557 1998 2579 seniores.
2012 2557 2074 2579 Item
2100 2557 2175 2588 juxta

319 2606 428 2628 eundem
442 2605 474 2627 ud
490 2605 623 2627 sinistram
640 2605 711 2627 sedet
726 2604 851 2635 magister
866 2604 968 2627 anlator
982 2612 1044 2626 suus
1061 2604 1109 2626 sub
1125 2612 1175 2634 quo
1190 2603 1351 2634 vesperiatus
1368 2605 1414 2628 est.
1432 2605 1457 2625 ct
1471 2605 1658 2632 consequenter
1673 2601 1793 2631 magistri
1807 2601 1933 2631 juniores.
1949 2601 2072 2624 Dominus
2089 2605 2172 2624 nutem

320 2649 491 2673 cancellarius
507 2649 624 2679 (Parisiis
635 2657 639 2672 :
652 2649 737 2680 primo
751 2649 844 2679 recipit
854 2648 1031 2679 juramentum
1047 2648 1079 2670 ab
1093 2648 1227 2678 inceptui-o
1244 2648 1312 2678 quod
1329 2647 1403 2669 fidele
1417 2646 1593 2669 testimonium
1609 2645 1757 2676 perhibebit
1772 2646 1802 2668 de
1818 2645 1976 2668 baccalarcis
1993 2649 2083 2676 postea
2096 2646 2175 2669 licen-

320 2694 425 2717 tiandis.
448 2694 556 2717 Vindob.
573 2695 642 2723 4029)
658 2694 697 2716 vcl
714 2693 768 2724 ejus
782 2693 864 2716 vicem
877 2701 969 2724 gerens
985 2696 1009 2715 et
1025 2692 1150 2723 magister
1166 2692 1268 2714 aulator
1282 2691 1418 2722 imponunt
1431 2691 1481 2713 sibi
1495 2690 1560 2721 ipsis
1576 2690 1661 2720 primo
1677 2690 1812 2717 birrctum,
1827 2693 1851 2712 et
1866 2690 1938 2712 aliud
1954 2690 2090 2720 imponunt
2107 2699 2171 2713 novo

323 2738 449 2769 magistro
463 2747 513 2761 nno
530 2738 646 2768 ipsorum
663 2738 763 2760 dicente
779 2745 784 2760 z
801 2746 811 2760 ι(
828 2738 935 2768 Impono
949 2737 996 2759 tibi
1012 2737 1138 2759 birretum
1154 2736 1307 2767 magistrale
1330 2736 1355 2758 in
1382 2734 1484 2757 nomine
1509 2734 1594 2757 Patris
1617 2737 1641 2757 ct
1662 2734 1719 2756 Filii
1736 2737 1760 2756 ct
1776 2734 1889 2764 Spiritus
1906 2734 2002 2758 Sancti.
2019 2743 2102 2757 amen.
2118 2744 2129 2755 »
2144 2735 2174 2757 Et

323 2783 410 2806 statim
427 2782 484 2807 aliis
498 2782 602 2805 biri-etis
616 2782 727 2813 singulis
743 2782 877 2812 magistris
893 2789 939 2812 per
955 2781 1081 2803 bidellum
1096 2781 1243 2803 distributis
1258 2780 1436 2810 unusquisque
1453 2779 1639 2809 magistrorum
1654 2778 1703 2801 sibi
1728 2786 1804 2800 suum
1827 2778 1951 2809 imponat.
1970 2778 2065 2801 Deinde
2091 2779 2174 2808 (Pari—

324 2828 384 2850 siis:
397 2827 568 2850 cancellarius
584 2827 649 2849 dans
660 2826 681 2849 ci
695 2826 827 2849 licentiam
842 2825 991 2855 incipiendi
1004 2825 1028 2848 in
1042 2825 1145 2848 nomine
1158 2825 1242 2848 Patris
1259 2828 1283 2847 ct
1299 2824 1357 2847 Filii
1370 2827 1394 2846 vt
1411 2823 1524 2854 Spiritus
1541 2824 1581 2851 S.;
1598 2823 1708 2845 Vindob.
1724 2824 1793 2852 4929)
1810 2823 1897 2845 statim
1917 2823 2041 2854 magister
2056 2823 2174 2846 novellus

323 2881 381 2895 cum
397 2871 574 2894 benedictioni·
589 2871 680 2901 incipit
693 2879 769 2893 suum
784 2871 861 2893 breve
874 2870 1032 2901 principium
1045 2870 1076 2892 de
1091 2869 1313 2892 commendatione
1327 2868 1461 2898 Scripture
1483 2875 1564 2890 sacre.
1591 2867 1646 2894 Quo
1671 2866 1789 2889 celeriter
1804 2867 1941 2889 terminato
1956 2875 2003 2898 per
2029 2875 2107 2889 unum
2121 2870 2175 2890 stu·
