2534 3444
406 353 471 386 402
986 360 1305 384 CHARTULARIUM
1339 359 1530 382 umvnns.
1567 358 1695 381 enus,
2176 345 2275 383 [1332

409 435 651 476 obstantibus,
673 435 860 468 licenciam
883 435 1093 468 auctoritate
1115 440 1237 467 nostra
1258 433 1450 473 concedas,
1473 432 1593 477 ipsum
1614 431 1658 464 ad
1674 431 1742 464 hoc
1756 431 1922 464 faciendo
1939 443 2004 477 per
2019 432 2103 465 illos
2119 443 2273 477 quorum

407 503 561 535 interest
580 502 692 547 recipi
713 508 748 534 et
768 502 918 534 admitti.
941 503 1018 534 Dat.
1041 501 1077 545 iij
1101 512 1186 533 non.
1210 498 1439 539 Novembris,
1461 510 1555 531 anno
1578 498 1718 531 decimo
1739 497 1907 543 septimo.

500 609 564 640 Reg.
580 609 636 632 Vnt.
655 609 751 631 Secret.
767 607 896 631 ,Iohannis
912 608 989 634 XXII,
1006 615 1047 630 an.
1066 608 1094 630 17
1111 609 1149 635 (n0
1164 607 1226 638 117),
1245 607 1287 629 sol.
1303 606 1355 638 75¹²,
1370 613 1411 636 ep.
1428 606 1483 628 406.
1499 619 1529 622 —
1545 605 1611 628 Ibid.
1629 613 1669 636 ep.
1686 605 1741 634 425,
1762 605 1807 628 sol.
1826 605 1864 633 81,
1881 605 2039 628 cancellario
2052 605 2136 629 Paris.
2149 613 2190 628 an.
2204 606 2275 635 1333,

407 653 494 676 Martii
509 654 547 681 27,
567 653 681 683 injungit
692 656 721 675 ut
738 652 891 684 Arnaldum²
908 652 1012 682 quando
1028 652 1121 674 Pastor
1136 651 1167 673 dc
1183 650 1390 678 Serrescuderio,
1407 649 1471 673 Ord.
1493 649 1554 672 Min.
1575 649 1629 680 (qui
1644 648 1727 672 libros
1743 649 1937 672 Sententiarum
1951 649 1977 672 in
1989 649 2073 673 Paris.
2087 650 2174 673 studio
2187 658 2198 672 «
2214 652 2275 673 actu

405 697 495 727 legens
508 697 632 720 lectiones
649 705 709 719 suas
724 696 798 719 finire
812 704 857 718 seu
873 695 1003 718 dimittere
1020 698 1140 726 speretur
1157 694 1183 716 in
1199 694 1272 717 brevi
1289 695 1321 723 »),
1337 694 1465 716 lecturam
1481 693 1622 721 dimiserit,
1641 693 1674 716 ad
1689 693 1815 724 legendas
1838 693 1984 717 Sententiae
2004 693 2123 725 recipiat.
2144 694 2216 717 Anno
2232 701 2275 717 se-

407 741 496 772 quenti
506 741 560 772 jam
577 740 703 771 magister
718 749 748 764 ex
759 740 845 771 gratia
859 741 943 762 factus
958 742 1005 762 est.
1023 739 1051 762 V.
1069 743 1098 761 n0
1110 739 1164 761 959.
1182 739 1216 761 De
1232 739 1340 761 Pastore
1355 739 1388 761 cf.
1403 741 1432 760 n⁰
1446 738 1501 761 950.

501 833 523 856 1.
539 833 568 856 V.
585 841 665 864 supra
681 836 710 855 110
724 833 778 855 945.

405 971 517 1008 948.
540 981 683 1006 lohannes
699 981 783 1005 XXII
795 980 898 1005 vicario
913 978 1043 1014 generali
1062 978 1127 1004 ord.
1146 978 1250 1004 Praed.
1269 979 1392 1014 injungit
1408 983 1438 1005 ut
1457 978 1636 1005 Guillelmum
1652 979 1687 1005 de
1706 979 1811 1005 Palma
1831 979 1871 1005 ad
1889 978 2026 1014 legendas
2044 979 2207 1005 Sententias
2220 988 2273 1016 pro

494 1033 606 1055 aestate
621 1030 722 1063 fictura
738 1029 874 1063 assignet.

1546 1077 1623 1107 1332,
1637 1077 1782 1104 Novembris
1794 1078 1840 1107 29,
1854 1077 1985 1104 hetilone.

493 1165 632 1198 Dilecto
663 1165 737 1197 filio
762 1165 940 1198 ..vicario
967 1164 1151 1209 generali¹
1182 1164 1332 1198 Ordinis
1359 1165 1508 1198 fratrum
1539 1165 1811 1199 Predicatorum
1844 1165 2010 1199 salutem.
2042 1166 2146 1205 Cum,
2178 1165 2273 1198 sicut

402 1232 620 1276 accepimus,
642 1231 797 1264 dilectus
818 1231 915 1264 filius
936 1231 1157 1264 Guillelmus
1179 1231 1223 1264 (le
1244 1231 1382 1264 Palma²
1405 1232 1555 1266 Ordinis
1571 1232 1720 1266 fratrum
1738 1232 2008 1265 Predicatorum
2027 1231 2071 1264 de
2086 1231 2272 1277 provincia

403 1298 550 1331 Francie
573 1298 619 1330 sit
639 1298 790 1331 multum
813 1297 998 1330 sufficiens
1023 1298 1060 1330 in
1089 1298 1253 1340 scientia,
1275 1298 1455 1339 facundia,
1478 1298 1643 1332 moribus
1668 1305 1775 1344 atque
1800 1299 1942 1340 vita....,
1972 1298 2184 1332 discretioni
2211 1304 2271 1331 tue

403 1377 466 1409 per
495 1364 691 1410 apostolica
722 1364 854 1409 scripta
886 1364 1096 1398 mandamus
1127 1365 1297 1410 quatinus
1332 1365 1467 1398 dictum
1496 1365 1732 1399 Guillelmum
1763 1365 1807 1398 ad
1836 1365 2033 1411 legendum
2065 1364 2270 1399 Sententias

402 1431 561 1464 Parisius
583 1431 619 1463 in
641 1437 753 1464 estate
776 1431 936 1476 proxima
962 1431 1094 1473 futura,
1122 1431 1152 1464 si
1174 1431 1292 1476 ipsum
1320 1432 1406 1474 vita,
1429 1431 1592 1465 moribus
1614 1439 1649 1465 et
1669 1432 1821 1465 scientia
1841 1444 1880 1465 ac
1906 1431 1994 1465 alias
2018 1431 2199 1477 ydoneum
2226 1428 2268 1464 ad

402 1498 467 1531 hoc
489 1510 571 1531 esse
593 1498 787 1543 repereris,
821 1497 1032 1531 auctoritate
1063 1504 1186 1531 nostra
1216 1499 1398 1544 assignes,
1421 1499 1472 1532 sic
1494 1499 1592 1544 quod
1622 1499 1717 1531 idem
1749 1498 1970 1532 Guillelmus
2002 1510 2066 1543 per
2095 1498 2268 1531 lecturam

401 1564 623 1609 hujusmodi,
646 1576 685 1597 ac
716 1564 746 1597 si
773 1564 978 1597 Sententias
1006 1564 1190 1597 ordinarie
1218 1564 1373 1610 legisset
1401 1565 1438 1598 in
1466 1565 1571 1607 ieme,
1594 1565 1778 1611 perfectus
1798 1565 2035 1599 bacallarius³
2068 1571 2267 1610 reputetur.

401 1631 709 1672 Contradictores,
731 1636 795 1664 etc.
818 1632 898 1664 Non
919 1630 1151 1666 obstantibus
1176 1631 1457 1677 quibuscunque
1485 1633 1628 1666 statutis
1656 1639 1691 1666 et
1717 1631 2049 1665 consuetudinibus
2073 1631 2131 1665 vel
2156 1631 2269 1677 pactis

402 1710 465 1742 per
486 1697 765 1730 Universitatem
788 1697 1029 1730 Parisiensem
1051 1697 1109 1731 vel
1130 1698 1309 1731 facultatis
1332 1698 1516 1744 theologie
1532 1699 1655 1732 factis‘
1672 1711 1711 1732 ac
1727 1699 1934 1743 juramento
1956 1697 2106 1731 firmatis
2127 1704 2270 1731 contra-

402 1765 477 1804 riis,
510 1775 574 1797 seu
605 1764 635 1796 si
669 1763 853 1809 aliquibus
883 1764 1136 1806 communiter,
1168 1770 1232 1798 etc.
1266 1766 1343 1798 Dat.
1375 1765 1556 1799 Avinione
1581 1766 1618 1810 iij
1648 1765 1717 1798 kal.
1748 1764 1975 1807 Decembris,
2007 1776 2101 1798 anno
2127 1764 2268 1797 decimo

400 1831 565 1876 septimo.

492 1935 555 1966 Reg.
573 1935 627 1957 Vat.
645 1933 769 1957 Avenion.
781 1933 910 1956 Johannis
926 1934 1003 1963 XXII,
1015 1934 1067 1957 vol.
1084 1934 1160 1963 XLII,
1177 1935 1221 1958 sol.
1236 1934 1302 1958 53711.

493 2028 516 2051 1.
532 2029 634 2051 Mortuo
649 2028 778 2059 magistro
794 2028 920 2059 generali,
942 2027 1065 2051 Barnaba
1079 2027 1247 2055 Vercellensi,
1264 2036 1306 2051 an.
1323 2028 1393 2057 1332,
1408 2028 1467 2051 Jan.
1484 2029 1508 2057 8,
1524 2027 1707 2058 magisterium
1721 2028 1834 2051 vacabat
1853 2034 1937 2059 usque
1957 2027 1990 2050 ad
2005 2035 2047 2051 an.
2064 2027 2132 2056 1333,
2152 2027 2214 2051 Maii
2223 2028 2268 2057 ‹2:3,

401 2080 451 2103 quo
467 2073 541 2103 Ilugo
558 2072 589 2095 de
606 2072 779 2095 Vaussemain
794 2072 820 2095 in
839 2072 997 2103 magistrum
1016 2072 1167 2103 generalem
1187 2072 1284 2095 electus
1299 2075 1347 2095 est.
1367 2085 1399 2089 —
1413 2072 1435 2095 2.
1452 2072 1488 2095 Ne
1507 2072 1652 2095 confundas
1669 2080 1726 2095 eum
1747 2080 1805 2095 cum
1827 2071 1956 2103 magistro
1974 2072 2050 2094 Petro
2070 2071 2101 2094 de
2120 2072 2220 2100 Palma,
2236 2071 2268 2095 de

401 2125 451 2147 quo
467 2124 547 2147 supra
561 2117 671 2148 plurios.
688 2117 845 2141 Guillelmus
861 2117 893 2140 de
908 2117 998 2140 Palma
1014 2125 1065 2140 non
1079 2119 1230 2139 recensetur
1248 2116 1316 2139 inter
1331 2116 1474 2147 magistros
1490 2116 1646 2148 theologiae.
1662 2116 1759 2140 Eodem
1774 2119 1892 2147 tempore
1907 2115 1933 2139 in
1944 2115 2042 2139 Ordine
2057 2116 2151 2139 Praed.
2162 2115 2269 2140 vivebat

401 2161 478 2183 etiam
496 2161 627 2184 Johanncs
646 2161 676 2184 dc
691 2161 791 2189 Palma,
808 2161 883 2192 cujus
897 2164 999 2184 exstant
1014 2161 1121 2192 quidam
1137 2168 1271 2184 sermones
1288 2161 1314 2183 in
1331 2161 1398 2183 Bibl.
1417 2163 1471 2184 nat.
1487 2160 1582 2189 Paris„
1598 2169 1647 2184 ms.
1661 2161 1707 2184 lat.
1722 2161 1807 2189 14799,
1824 2161 1870 2184 sol.
1884 2161 1938 2190 147,
1955 2161 2009 2184 177.
2023 2174 2055 2178 -
2069 2161 2091 2183 3.
2108 2160 2226 2183 Primum
2241 2160 2268 2183 in

401 2205 464 2227 actis
481 2205 666 2228 universitatis
686 2205 770 2228 Paris.
790 2205 833 2228 hic
855 2205 970 2228 occurrit
989 2205 1086 2228 locutio
1103 2207 1245 2236 perfectus
1267 2205 1457 2233 baccalareus,
1481 2213 1527 2228 seu
1544 2212 1628 2229 verus
1647 2205 1837 2234 baccalareus,
1858 2208 1887 2228 ut
1904 2213 1986 2236 supra
2008 2208 2037 2227 n⁰
2055 2205 2109 2233 945,
2126 2213 2177 2236 quo
2197 2204 2268 2228 desi—

399 2249 530 2280 gnabatur
553 2250 731 2277 baccalareus,
748 2250 793 2281 qui
808 2250 935 2273 lecturam
957 2250 1151 2273 Sententiarum
1167 2249 1300 2273 ordinarie
1320 2253 1346 2273 et
1365 2250 1509 2272 secundum
1528 2250 1649 2281 regulam
1668 2250 1819 2281 complevit,
1835 2249 1891 2272 sive
1908 2249 1964 2280 jum
1986 2249 2065 2273 fuerit
2083 2252 2267 2280 praesentatu-

399 2294 570 2322 examinatus,
587 2294 641 2317 sive
657 2294 759 2325 dejure
773 2294 983 2325 praesentandus
1001 2298 1027 2317 ct
1041 2294 1230 2317 examinandus
1246 2294 1296 2317 sub
1311 2294 1478 2322 cancellario,
1495 2294 1550 2317 sive
1566 2294 1729 2317 examinatus
1745 2297 1770 2317 et
1785 2297 1848 2326 post
1862 2301 1970 2317 examen
1986 2293 2035 2317 rite
2050 2293 2211 2317 licenciatus.
2227 2293 2267 2317 Cf.

400 2340 470 2362 Acta
485 2338 594 2368 colteyii
610 2339 751 2368 theoloqici
765 2340 874 2363 Borion.
891 2339 924 2361 ab
940 2347 982 2362 an.
999 2339 1133 2361 1362-1824
1150 2338 1175 2361 in
1191 2338 1259 2362 Bibl.
1276 2338 1415 2362 Seminarii
1434 2339 1532 2362 Bonon.
1545 2340 1604 2368 (ms.
1619 2347 1686 2362 saec.
1702 2339 1752 2368 xv),
1770 2339 1814 2362 fol.
1831 2339 1853 2361 4.
1871 2338 1920 2368 Ibi,
1940 2338 2008 2361 sicut
2020 2341 2046 2361 et
2059 2338 2178 2367 Parisiis,
2195 2346 2268 2361 com-

401 2382 513 2405 muniter
526 2383 676 2413 appellatur
691 2383 873 2407 baccalareus
883 2385 1034 2413 formatus,
1047 2382 1167 2414 quamvis
1183 2386 1208 2406 et
1217 2385 1360 2413 perfect-us
1375 2383 1555 2407 baccalarius
1570 2383 1596 2406 in
1612 2383 1718 2406 statutis
1735 2382 1867 2406 facultatis
1884 2382 2032 2414 theologiae
2050 2382 2119 2405 infra
2136 2385 2265 2406 occurrat.

399 2440 430 2444 —
445 2428 467 2449 4.
482 2427 510 2450 V.
528 2427 558 2450 de
572 2427 620 2449 hoc
634 2435 714 2458 supra
730 2431 759 2450 n⁰
773 2429 828 2451 945.

400 2566 510 2603 949.
534 2575 676 2601 Jollanlle’s
697 2577 781 2601 XXI!
797 2575 836 2601 ad
859 2575 1047 2611 Guillelmum,
1073 2576 1278 2603 cancellarium
1297 2577 1405 2611 Paris„
1428 2580 1458 2602 ut
1479 2576 1628 2603 Matthaeo
1650 2576 1685 2603 de
1710 2576 1870 2611 Omervilla,
1894 2575 2062 2602 monasterii
2078 2577 2104 2601 S.
2126 2575 2265 2610 Dionysii,

491 2624 685 2658 magisterium
702 2624 730 2649 in
747 2623 890 2658 theologia
906 2624 1061 2661 impertiat.

1578 2675 1650 2704 1333.
1666 2675 1785 2701 danum-ii
1796 2675 1835 2704 17,
1850 2674 1980 2701 Anniano.

491 2759 714 2792 Cancellario
744 2759 898 2793 ecclesie
923 2761 1153 2795 Parisiensis.
1181 2762 1267 2795 Fide
1294 2763 1489 2808 dignorum
1518 2762 1626 2796 habet
1655 2762 1823 2802 assertio,
1853 2761 1951 2807 quod
1981 2760 2136 2794 dilectus
2166 2759 2266 2793 filius

402 2824 566 2863 Matheus
588 2825 632 2857 de
653 2825 848 2858 Omervilla
869 2827 1067 2860 monachus
1083 2829 1294 2862 monasterii
1316 2829 1436 2862 Sancti
1465 2829 1622 2862 Dionisii
1638 2829 1675 2862 in
1691 2828 1839 2862 Francia
1856 2827 2005 2861 Ordinis
2022 2826 2136 2860 sancti
2153 2826 2265 2863 Bene-

403 2890 488 2925 dicti
508 2890 725 2923 Parisiensis
747 2891 918 2933 diocesis,
940 2893 977 2925 in
994 2905 1093 2926 sacra
1114 2894 1299 2940 theologie
1319 2896 1487 2929 facultate
1507 2895 1735 2937 hacallarius,
1753 2895 1843 2928 adeo
1859 2895 1896 2927 in
1912 2893 2078 2927 facultate
2095 2892 2173 2937 ipsa
2188 2891 2264 2924 lau-

522 2948 561 2972 51.
