2534 3444
1029 328 1120 350 ΤοΜ.
1160 328 1199 351 u.
1235 329 1451 351 APPENnix.
2102 321 2164 355 687

1114 481 1365 515 STATUTA

315 579 336 616 1
348 579 454 616 186.
480 590 597 614 Statana
615 589 743 625 Capituli
756 589 903 624 generalis
921 589 1117 615 cluniacensis
1134 599 1179 616 an.
1199 591 1266 618 1301
1282 590 1317 616 de
1332 591 1436 616 studiis
1453 591 1480 616 ιίι
1497 590 1578 616 domo
1593 591 1767 616 scholarium
1783 593 1913 618 Parisiis.

1513 682 1585 711 1301,
1601 682 1691 714 Aprilis
1705 683 1750 711 23,
1768 682 1882 708 cluniam.

396 755 573 781 Ordinamus
587 757 616 782 et
631 755 806 789 precipimus
817 756 897 789 quod
908 756 1008 781 nullus
1023 756 1136 782 studeat
1150 756 1256 782 amodo
1267 756 1296 782 in
1305 757 1371 790 jure
1381 757 1520 782 canonico
1535 757 1595 783 sine
1611 758 1707 783 nostra
1721 759 1773 783 aut
1787 765 1981 783 successorum
1999 760 2165 784 nostrorum

307 804 421 830 licentia
437 804 561 837 speciali,
574 804 627 830 nisi
638 804 668 829 in
679 804 770 830 altero
780 804 815 830 de
826 804 894 830 locis
908 804 982 830 infra
998 804 1118 838 scriptis,
1131 804 1261 831 videlicet
1276 805 1446 835 Aurelianis,
1459 806 1579 831 Tholose
1593 807 1621 831 et
1632 806 1890 839 Montispessulani,
1908 808 1935 832 et
1950 807 1979 832 in
1996 807 2163 839 Avignione.

307 852 342 878 Et
357 854 511 878 morentur
525 853 594 878 dicti
609 853 758 879 studentes
772 853 893 878 insimul
908 855 936 879 et
952 861 1012 879 non
1027 853 1151 882 divisim,
1169 853 1223 879 nisi
1238 854 1273 879 sit
1287 854 1323 879 de
1338 856 1435 879 nostra
1451 854 1564 880 licentia
1580 854 1702 887 speciali.

396 902 479 931 Item,
496 901 576 935 quod
591 902 691 927 nullus
706 901 736 927 in
751 902 840 927 domo
856 903 953 927 nostra
968 902 1122 928 scolarium
1138 902 1261 928 Parisius
1275 902 1311 928 ad
1334 903 1512 928 morandum
1532 910 1582 929 seu
1604 903 1783 929 studendum
1808 903 1963 936 recipiatur
1983 904 2090 930 amodo
2112 905 2166 931 nisi

307 949 462 975 sufficienti
477 950 691 976 examinatione
706 958 756 983 per
771 958 823 975 nos
837 952 889 976 aut
904 958 955 983 per
969 950 1061 976 alium
1076 951 1138 976 loco
1154 950 1244 976 nostri
1258 951 1434 984 deputatum
1450 951 1595 984 premissa.
1608 951 1651 976 Illi
1662 959 1738 981 vero,
1750 952 1845 984 quiad
1859 952 2088 978 examinandum
2104 953 2166 979 loco

307 998 397 1024 nostri
411 998 610 1032 deputabitur,
631 999 808 1032 precipimus
823 999 980 1025 districtius
995 1000 1023 1025 et
1037 999 1173 1029 districte,
1191 1007 1228 1025 ne
1241 999 1380 1033 cuiquam
1396 1000 1426 1025 in
1441 1000 1635 1026 examinando
1650 1000 1767 1029 deferat,
1784 1001 1832 1026 sed
1852 1001 2060 1027 tantummodo
2075 1001 2166 1028 bonos

306 1048 335 1073 et
348 1047 484 1073 docibiles
498 1047 626 1081 recipiat,
637 1047 707 1073 alios
717 1047 816 1073 minus
831 1048 956 1081 ydoneos
971 1048 1146 1081 repellendo,
1159 1048 1348 1082 precipientes
1366 1049 1455 1082 priori
1470 1049 1623 1074 scolarium
1638 1049 1836 1082 predictorum
1852 1050 1895 1078 ut,
1908 1049 1929 1074 si
1943 1050 2055 1083 aliquos
2069 1050 2166 1076 credat

306 1095 345 1121 ibi
359 1103 417 1122 esse
432 1096 531 1121 minus
553 1096 688 1129 ydoneos,
712 1097 793 1129 quod
814 1096 897 1122 nobis
918 1097 1084 1126 denunciet,
1106 1099 1140 1122 ut
1159 1105 1192 1123 ex
1213 1099 1285 1123 tunc
1305 1099 1497 1123 amoveantur
1516 1105 1532 1122 a
1554 1098 1625 1123 loco.
1649 1097 1816 1123 Inhibentes
1835 1098 1972 1124 omnibus
1994 1100 2023 1124 et
2046 1098 2166 1131 singulis

290 1144 422 1182 *Ordinis
437 1144 527 1170 nostri
544 1152 580 1170 ne
594 1144 713 1170 scolares
727 1145 763 1170 ad
779 1152 842 1170 suas
857 1145 1008 1177 pensiones
1023 1145 1053 1170 in
1069 1145 1145 1170 dicta
1159 1145 1249 1171 domo
1264 1147 1477 1171 commorantes
1492 1153 1640 1171 removere
1651 1147 1679 1171 et
1693 1146 1781 1171 etiam
1798 1146 1882 1171 finito
1897 1144 2103 1179 quinquennio
2117 1147 2165 1173 alii

304 1192 371 1218 dare
386 1193 429 1218 vel
444 1193 587 1226 assignare
603 1195 781 1226 presumant,
798 1193 858 1219 sine
874 1195 971 1219 nostra
986 1195 1037 1219 aut
1052 1201 1247 1219 successorum
1272 1196 1439 1219 nostrorum
1455 1194 1570 1220 licentia
1586 1194 1708 1227 speciali,
1725 1202 1793 1220 cum
1811 1202 1860 1227 per
1877 1195 1963 1220 talem
1985 1195 2164 1221 amotionem

306 1241 346 1266 hii
362 1241 413 1274 qui
428 1241 458 1266 in
474 1242 517 1267 via
533 1242 702 1275 proficiendi
717 1243 745 1267 et
760 1242 890 1267 fructum
906 1242 1027 1267 faciendi
1038 1242 1165 1268 existunt
1176 1243 1367 1275 multumque
1382 1244 1496 1276 possent
1511 1243 1659 1276 proficere,
1672 1243 1693 1268 si
1705 1243 1781 1268 ultra
1796 1243 1908 1268 dictum
1924 1243 2164 1276 quinquennium

306 1291 501 1319 morarentur,
531 1292 722 1316 amoveantur
747 1290 891 1324 sepissime
915 1298 968 1323 pro
993 1291 1156 1323 nepotibus.
1183 1291 1413 1324 consanguineis.
1437 1292 1465 1317 et
1488 1291 1635 1320 affinibus,
1659 1299 1708 1317 seu
1733 1291 1820 1317 etiam
1845 1292 2042 1325 compatriotis
2067 1292 2165 1318 minus

305 1338 428 1364 abilibus
443 1340 471 1364 et
486 1339 604 1372 ydoneis
619 1339 649 1364 in
664 1339 739 1365 dicta
755 1339 844 1365 domo
859 1340 1010 1372 ponendis,
1026 1341 1057 1366 in
1073 1340 1263 1373 obprobrium
1279 1340 1395 1366 Ordinis
1409 1341 1437 1365 et
1453 1339 1607 1373 multiplex
1621 1340 1844 1366 detrimentum.

394 1388 477 1415 Item,
494 1388 670 1421 precipimus
685 1389 713 1413 et
727 1388 898 1414 ordinamus
912 1390 946 1414 ut
961 1389 1061 1414 nullus
1074 1389 1110 1415 de
1125 1389 1233 1415 Ordine
1244 1391 1322 1415 extra
1333 1389 1441 1414 dictam
1451 1389 1576 1414 domum
1588 1389 1710 1414 Parisius
1726 1389 1832 1414 morari
1842 1390 1871 1415 et
1882 1389 1996 1415 studere
2014 1391 2162 1422 presumat

305 1436 366 1462 sine
381 1437 478 1462 nostra
493 1438 545 1462 aut
560 1444 756 1462 successorum
772 1438 941 1463 nostrorum
956 1437 1071 1463 licentia
1086 1437 1208 1471 speciali.

399 1537 467 1560 Bibl.
480 1537 567 1560 Tolos-
585 1545 633 1561 ms.
645 1538 699 1565 413,
718 1538 762 1560 sol.
779 1538 808 1560 24
824 1545 862 1568 sq.
881 1538 909 1560 In
924 1537 975 1560 isto
990 1537 1078 1560 codice
1094 1537 1261 1561 inveniuntur
1273 1538 1316 1561 fol.
1329 1539 1383 1561 1-116
1396 1547 1406 1561 «
1424 1539 1526 1562 Statuta
1542 1538 1708 1561 avenerabili
1723 1542 1797 1569 patre
1808 1539 1877 1561 dom.
1887 1539 2040 1568 Bertrando,
2050 1538 2094 1561 Dei
2106 1546 2164 1569 gra-

305 1582 341 1605 tia
357 1582 451 1605 abbate
465 1581 639 1610 Cluniacensi,
657 1581 682 1604 in
698 1582 819 1613 Capitulo
835 1582 951 1613 generali
968 1590 1035 1604 anno
1051 1582 1124 1605 Dom.
1141 1582 1249 1609 MCCCI,
1274 1582 1315 1605 die
1338 1583 1467 1606 dominica
1490 1591 1541 1614 qua
1563 1586 1684 1606 cantatur
1704 1583 1829 1607 Jubilate
1848 1583 1926 1611 edita,
1950 1583 1975 1605 in
1990 1586 2044 1606 toto
2067 1583 2164 1606 Ordine

305 1626 478 1654 cluniacensi,
496 1629 550 1649 tam
566 1626 591 1649 in
607 1626 692 1657 capite
709 1634 787 1657 quam
803 1626 829 1649 in
845 1626 979 1654 memhris,
997 1626 1023 1649 in
1039 1629 1151 1658 quatuor
1166 1629 1254 1657 partes
1270 1626 1431 1658 principales
1456 1627 1541 1650 divisa
1557 1635 1579 1650 ».
1605 1627 1765 1650 Bertrandus
1789 1627 1819 1650 de
1836 1627 1985 1650 Colombier
2010 1627 2058 1650 suit
2081 1627 2164 1650 abbas

305 1670 470 1694 Cluniaeens.
487 1670 520 1693 ab
536 1679 577 1693 an.
596 1671 664 1698 1295,
683 1670 775 1694 Octob.
792 1671 829 1699 20,
846 1679 929 1702 usque
945 1671 977 1693 nd
993 1679 1035 1694 an.
1052 1671 1121 1699 1308,
1143 1671 1234 1694 Octob.
1252 1672 1289 1694 29.
1306 1672 1334 1694 V.
1351 1671 1522 1701 Bioyraphie
1538 1671 1641 1696 ine'dile
1655 1673 1688 1695 de
1702 1672 1846 1695 Bertrand
1864 1672 1896 1695 de
1920 1671 2079 1699 colombier,
2099 1671 2167 1695 abbe'

303 1715 418 1745 ye'ne'ral
432 1716 466 1739 de
481 1715 575 1745 Cluny
589 1715 715 1745 (Valenee,
733 1715 814 1744 1860).

310 1859 333 1896 1
345 1859 451 1896 187.
477 1870 594 1894 Statuta
612 1868 730 1903 Collegit*
747 1868 975 1894 cluniacensium
992 1868 1147 1894 Paris-iens.
1166 1868 1203 1893 ab
1219 1869 1340 1894 Henrico
1357 1867 1463 1893 abbate
1478 1867 1660 1893 Cluniacensi
1674 1867 1761 1893 edita.

1614 1963 1769 1989 1309-1319.

398 2026 432 2049 De
448 2025 612 2049 ordinatione
627 2029 652 2049 et
665 2034 793 2057 prospero
810 2028 879 2048 statu
894 2025 1055 2048 studentium
1071 2025 1187 2048 Parisius
1201 2025 1227 2048 in
1243 2025 1319 2048 domo
1335 2024 1509 2048 Cluniacensi.

392 2097 430 2130 (1)
448 2097 552 2123 Salutis
567 2099 668 2123 auctor
687 2098 784 2123 volens
803 2105 904 2123 omnes
919 2097 1053 2122 homines
1073 2097 1162 2122 salvos
1184 2097 1245 2122 fieri
1269 2097 1347 2123 etad
1369 2096 1549 2129 agnitionem
1572 2096 1698 2122 veritatis
1722 2096 1824 2129 suique
1847 2096 2015 2122 sanctissimi
2040 2097 2167 2122 nominis

304 2146 410 2175 venire,
427 2146 500 2171 sicut
516 2154 568 2179 pro
583 2146 814 2172 manifestatione
829 2154 928 2172 rerum
944 2146 1139 2179 corporalium
1155 2147 1183 2171 et
1199 2146 1378 2171 terrestrium
1394 2153 1410 2170 a
1425 2145 1567 2178 principio
1583 2145 1678 2170 lucem
1694 2145 1872 2178 corporalem
1889 2145 1963 2173 fecit,
1981 2145 2018 2170 sic
2034 2145 2166 2170 miranda

305 2202 354 2220 sue
379 2194 515 2220 bonitatis
539 2195 805 2228 superabundantia
829 2202 881 2227 pro
906 2195 1103 2219 notificatione
1127 2194 1323 2227 spiritualium
1346 2195 1373 2219 et
1395 2194 1543 2219 celestium
1566 2193 1715 2226 quandam
1736 2194 1830 2218 lucem
1851 2193 2030 2226 spiritualem
2050 2193 2164 2222 creavit,

305 2243 409 2269 scilicet
429 2251 504 2269 sacre
527 2244 673 2276 Scripture
694 2243 914 2275 inextinguibile
936 2243 1047 2271 lumen,
1065 2251 1132 2275 que,
1153 2243 1236 2275 juxta
1252 2242 1413 2268 Salomonis
1428 2242 1640 2270 testimonium.
1662 2243 1701 2267 est
1719 2252 1731 2264 α
1748 2241 1855 2266 candor
1875 2241 1945 2266 lucis
1964 2241 2074 2267 eterne¹
2095 2253 2117 2269 υ,
2134 2242 2165 2266 in

305 2291 463 2319 credendis,
480 2292 636 2324 sperandis,
653 2294 680 2317 et
695 2291 848 2324 diligendis
864 2293 975 2317 mentes
990 2291 1148 2316 hominum
1163 2291 1334 2316 illuminans
1348 2291 1561 2323 ostendensque
1576 2290 1633 2315 suis
1647 2290 1794 2322 discipulis
1808 2291 1836 2315 ct
1850 2290 2031 2315 auditoribus
2045 2297 2165 2315 omnem

306 2340 456 2365 veritatem
483 2340 669 2366 necessariam
694 2340 729 2365 ad
752 2340 885 2369 salutem,
907 2341 935 2365 et
956 2350 968 2362 ι(
986 2340 1137 2372 speculum
1160 2339 1220 2365 sine
1240 2339 1353 2365 macula
1371 2339 1413 2363 »2.
1432 2339 1514 2364 Sacra
1529 2339 1608 2364 enim
1626 2338 1771 2371 Scriptura
1788 2339 1865 2364 velut
1890 2338 2039 2371 speculum
2063 2338 2167 2364 nostris

305 2389 490 2414 interioribus
515 2389 638 2415 faciebus
659 2391 687 2414 et
709 2389 856 2414 mentibus
880 2388 1048 2421 opponitur,
1071 2390 1104 2413 ut
1124 2388 1144 2413 si
1165 2396 1223 2421 que
1243 2388 1273 2413 in
1295 2388 1333 2413 eis
1356 2387 1429 2413 soeda
1455 2387 1573 2415 fuerint,
1599 2387 1760 2412 videantur.
1787 2387 1843 2412 llcc
1868 2388 2008 2419 tanquam
2026 2387 2166 2412 «doctrix

305 2437 455 2470 discipline
470 2437 540 2463 Dei³
552 2447 565 2460 »
582 2437 664 2463 docet
679 2437 774 2463 Deum
789 2437 902 2466 timere,
915 2437 1041 2470 seipsum
1057 2438 1174 2470 propter
1190 2437 1284 2462 Deum
1299 2436 1451 2469 abnegare,
1464 2436 1613 2461 mundum
1629 2437 1657 2461 et
1671 2443 1703 2461 ea
1718 2443 1775 2468 que
1791 2435 1820 2460 in
1836 2443 1869 2460 co
1885 2436 1953 2460 sunt
1968 2436 2163 2464 contemnere.

306 2486 416 2511 celestia
432 2487 576 2519 appetere,
594 2486 669 2511 mala
685 2486 782 2514 vitare,
800 2487 828 2511 et
847 2486 1059 2518 perseveranter
1081 2485 1156 2510 bona
1179 2485 1313 2510 salutaria
1332 2484 1453 2517 operari.
1471 2484 1527 2510 Hec
1542 2485 1583 2509 est
1597 2484 1646 2509 illa
1661 2484 1705 2509 lex
1720 2483 1825 2511 divina,
1843 2484 1873 2508 in
1889 2491 1947 2516 qua
1961 2485 2002 2509 est
2017 2484 2044 2510 et
2060 2484 2166 2509 lacteus

306 2536 401 2567 potus,
418 2542 478 2567 quo
494 2536 590 2560 tenera
606 2534 738 2560 fidelium
755 2534 902 2559 nutriatur
917 2533 1048 2562 infantia,
1066 2535 1094 2559 et
1109 2533 1216 2558 solidus
1231 2533 1311 2558 cibus
1322 2532 1339 2562 ⁵,
1356 2540 1416 2566 quo
1431 2533 1548 2558 robusta
1564 2533 1760 2565 perfectorum
1777 2532 1916 2565 juventus
1936 2533 2031 2558 sancte
2052 2531 2166 2557 virtutis

305 2583 463 2616 spiritualia
488 2583 607 2616 accipiat
632 2583 819 2608 incrementa.
846 2582 902 2608 Hee
930 2583 971 2608 est
995 2582 1039 2607 lex
1062 2582 1194 2615 perfecta,
1212 2589 1269 2615 que
1293 2581 1329 2607 ad
1352 2582 1475 2607 salutem
1498 2581 1623 2606 consulit
1646 2580 1794 2609 universis,
1811 2588 1883 2613 quos
1906 2580 2049 2606 Dominus
2071 2582 2166 2606 noster

305 2631 386 2657 Jesus
401 2631 532 2657 Christus
547 2632 652 2657 salvare
667 2631 814 2664 dignatur.
832 2631 888 2656 Hec
903 2632 944 2656 est
959 2631 1003 2656 lex
1018 2630 1179 2659 continens,
1197 2630 1276 2663 quod
1291 2630 1373 2655 omni
1388 2630 1456 2655 etati
1471 2629 1616 2662 congruit,
1634 2629 1713 2662 quod
1728 2629 1810 2654 omni
1831 2628 1999 2662 professioni
2020 2629 2163 2654 convenit.

306 2680 338 2705 ln
354 2688 385 2705 ea
400 2680 566 2705 audivimus
582 2682 713 2713 precepta
728 2688 785 2713 que
801 2680 948 2708 faciamus,
965 2681 993 2705 et
1008 2679 1037 2704 in
1054 2687 1085 2704 ea
1101 2679 1301 2711 cognoscimus
1316 2678 1427 2711 premia
1443 2686 1499 2711 que
1515 2685 1671 2711 speremus.

395 2732 432 2759 (2)
449 2729 490 2754 Ad
509 2730 588 2754 tante
603 2729 692 2761 igitur
707 2729 778 2754 lucis
793 2730 885 2753 totam
901 2728 1047 2753 ecclesiam
1070 2727 1240 2752 illustrantis
1261 2727 1421 2753 claritatem
1447 2727 1476 2751 in
1500 2728 1560 2752 toto
1582 2728 1680 2751 nostro
1695 2726 1802 2751 Ordine
1818 2727 1845 2751 et.
1859 2726 1927 2751 alibi
1942 2726 2165 2751 diffundendam

306 2777 434 2810 legisque
451 2777 539 2809 hujus
555 2779 615 2802 tam
631 2785 716 2805 sacre,
740 2779 800 2802 tam
824 2776 967 2804 salutifere
989 2777 1118 2802 fructum
1141 2776 1283 2802 efficacius
1305 2775 1535 2801 conservandum
1552 2776 1581 2801 et
1600 2775 1777 2808 peramplius
1798 2774 1992 2803 dilatandum,
2015 2782 2066 2799 nos
2081 2775 2167 2800 frater

307 2825 457 2854 Henricus,
476 2826 659 2852 miseratione
669 2826 765 2851 divina
776 2825 970 2851 Cluniacensis
986 2825 1099 2850 ecclesie
1112 2824 1244 2850 minister
1261 2824 1390 2853 humilis,
1405 2824 1440 2850 de
1455 2824 1574 2850 consilio
1587 2824 1734 2856 majorum
1759 2825 1917 2849 conventus
1931 2823 2021 2849 nostri
2045 2823 2165 2848 Clunia-

308 2874 397 2900 censis
412 2876 440 2900 et
451 2874 629 2908 plurium-de
640 2876 738 2900 nostro
749 2874 857 2901 Ordine
867 2874 1057 2900 discretorum
1073 2874 1179 2912 statuta
1195 2873 1426 2907 predecessorum
1442 2874 1610 2911 nostrorum
1625 2880 1710 2905 super
1731 2871 1917 2905 prosperitate
1936 2873 1964 2897 et
1983 2872 2167 2904 promotione
