2534 3444
1021 342 1112 363 TOM.
1151 342 1192 363 11.
1228 342 1444 363 APPENnix.
2099 332 2163 365 679

301 418 426 443 0101110111
445 417 481 443 ad
503 416 714 450 disputandum
730 416 773 442 vel
788 416 1003 442 determinandi
1025 418 1123 442 actum
1141 417 1344 444 exercendum.
1362 417 1409 442 scd
1428 417 1523 442 solum
1541 416 1625 442 illum
1639 416 1838 449 presentabitis
1853 425 1900 442 seu
1916 417 2009 442 audiri
2023 424 2162 450 procura-

301 466 376 495 bitis,
397 466 432 492 de
459 466 542 499 cujus
565 465 739 491 sufficiencia
763 467 791 490 et
814 465 977 498 ydoneitatc
1004 466 1181 492 sufficienter
1206 466 1401 499 inquisieritis.
1425 467 1453 492 et
1483 474 1569 499 super
1589 465 1780 498 inquisicione
1805 466 1875 491 sacta
1902 474 2013 492 meram
2040 466 2165 492 reseretis

300 515 468 541 cancellarIO
481 514 640 541 veritatem.

390 604 496 632 Postea.
525 605 683 636 antequam
707 603 965 638 [subcancellarius]
990 603 1119 629 licenciet
1139 603 1268 636 aliquam
1289 602 1502 631 au‹tition‹·m³,
1520 603 1578 635 ipse
1590 602 1671 627 debet
1688 602 1792 627 habere
1808 602 2021 635 ‹leposicionem
2035 605 2163 636 quatuor

298 652 531 678 examinatorum
550 654 602 677 aut
619 652 709 677 trium
729 652 764 678 ad
783 652 890 677 minus.
910 653 972 685 Qua
993 652 1090 677 habita
1108 652 1165 685 ipse
1184 652 1268 677 (lebet
1286 651 1469 677 bacchalariis
1494 651 1677 677 licenciandis
1703 651 1844 682 assignare
1863 651 1949 676 libros
1966 659 2038 684 quos
2057 652 2163 677 habent

298 702 400 734 legere.
421 703 449 727 ct
473 701 560 727 habet
581 701 619 727 eis
641 701 733 727 dicere
755 702 835 734 quod
860 701 965 727 saciant
989 701 1122 727 debitum
1145 709 1233 726 suum
1255 701 1331 734 apud
1355 702 1564 733 procuratores,
1588 701 1756 732 receptores,
1779 701 1807 725 et
1830 701 1930 725 cetera.
1953 700 1987 725 Et
2011 702 2104 733 potest
2124 701 2163 726 eis

298 750 440 783 assignare
455 750 532 775 diem
545 758 598 783 pro
611 750 727 776 licencia
747 750 820 776 sicut
835 751 937 783 placet.

387 800 449 832 Qua
469 799 515 824 die
536 799 706 825 adveniente
728 799 786 832 ipse
807 799 892 825 debet
911 799 963 824 uni
983 799 1164 825 bedellorum
1184 799 1251 824 dare
1271 798 1403 824 cedulam
1426 798 1461 823 ‹le
1481 797 1650 823 nominibus
1669 797 1746 822 illius
1763 796 1931 825 audicionis.
1948 799 1976 823 et
1995 797 2162 824 subcancel-

297 847 384 873 lario‘
401 848 516 873 sedente
528 848 558 873 in
575 848 637 873 loco
652 848 745 877 solito,
763 848 891 874 bedellus
908 848 995 873 habet
1011 855 1110 873 vocare
1127 847 1303 873 bachalarios
1323 847 1511 872 licentiandos
1526 846 1687 872 secundum
1702 846 1835 871 ordinem
1856 846 1907 871 sibi
1923 846 2036 871 (latum.
2054 846 2162 872 Conse-

298 898 422 930 quenter
443 896 557 922 audicio
581 904 711 930 sequens,
734 897 755 922 si
777 896 873 930 aliqua
897 897 930 922 sit
947 897 1069 925 residua,
1093 897 1179 922 debet
1204 896 1295 922 vocari
1317 898 1477 929 antequam
1501 895 1742 921 subcancellarius
1767 895 1878 928 aliquid
1897 895 1982 920 dicat.
2006 895 2162 928 Postquam

297 947 396 971 autem
415 945 463 971 illa
486 945 599 971 audicio
623 945 742 974 venerit,
761 945 1001 971 subcancellarius
1025 945 1122 974 hahet,
1143 945 1291 978 sequendo
1315 945 1438 970 modum
1458 944 1587 973 solitum,
1604 944 1697 969 dicere
1716 943 1771 969 illis
1792 943 1958 969 bachalariis
1980 943 2163 969 licenciandis

298 994 461 1020 secundum
474 994 607 1020 ordinem
621 1002 718 1023 suum,
736 994 814 1027 quod
831 994 883 1027 ipsi
899 994 1040 1027 incipiant
1055 995 1147 1027 legere
1160 1001 1224 1019 suas
1237 994 1381 1022 lectiones,
1397 995 1424 1019 et
1440 993 1545 1018 sufficit
1560 993 1640 1026 quod
1653 992 1687 1018 de
1703 992 1833 1025 qualibet
1848 992 1968 1018 nacione
1983 1000 2061 1017 unus
2076 993 2161 1025 legat,

298 1043 402 1068 scilicet
427 1043 474 1068 ille
495 1051 585 1076 quem
611 1043 852 1069 subcancellarius
875 1043 971 1069 credet
994 1043 1164 1068 habiliorem
1189 1050 1255 1068 csse.
1283 1043 1317 1068 Et
1341 1042 1461 1075 quando
1486 1041 1727 1067 subcancellarius
1751 1041 1855 1066 videbit
1881 1041 1960 1074 quod
1985 1041 2163 1067 bachalarius

299 1093 396 1124 tanget
425 1091 577 1117 materiam
606 1091 765 1124 questionis
798 1092 939 1117 movende
972 1091 1134 1117 bachalario
1168 1099 1218 1124 per
1251 1091 1520 1119 subcancellarium,
1554 1092 1625 1115 tunc
1655 1090 1895 1115 subcancellarius
1928 1089 2015 1115 habet
2047 1097 2162 1115 movere

296 1140 480 1173 questionem
500 1141 528 1165 et
552 1140 674 1166 breviter
696 1148 816 1173 arguere
837 1141 872 1165 ad
897 1142 1054 1173 utramque
1075 1142 1198 1173 partem,
1219 1141 1247 1165 et
1269 1141 1479 1172 consequenter
1499 1138 1678 1164 bachalarius
1697 1146 1760 1164 eam
1779 1146 1932 1167 resumere,
1951 1138 2024 1163 sicut
2043 1138 2162 1171 quando

298 1189 375 1214 1111111
390 1189 617 1214 determinantes
636 1189 679 1214 vel
702 1189 840 1221 magistri.
859 1189 971 1214 Auditis
993 1189 1047 1214 illis
1067 1196 1140 1222 quos
1155 1188 1396 1214 subcancellarius
1416 1188 1478 1213 vult
1497 1188 1606 1217 audire,
1626 1189 1697 1212 tunc
1716 1187 1737 1211 si
1756 1187 1995 1212 subcancellarius
2010 1187 2086 1215 velit.
2104 1187 2162 1220 ipse

298 1239 390 1270 potest
414 1238 504 1263 facere
523 1246 614 1263 unam
634 1237 829 1263 brevissimam
845 1238 1042 1267 collacionem,
1059 1239 1087 1263 et
1107 1238 1128 1262 si
1147 1237 1213 1263 velit
1232 1239 1326 1270 potest
1341 1237 1496 1262 dimittere.
1514 1237 1597 1262 Facta
1616 1236 1772 1261 collacione
1789 1236 1831 1261 vel
1851 1236 1975 1264 dimissa,
1993 1236 2161 1261 subcancel-

297 1286 386 1311 larius
401 1286 488 1312 hahet
505 1287 544 1312 eis
558 1286 651 1312 dicere
665 1287 745 1320 quod
762 1288 829 1312 ante
845 1286 994 1313 licenciam
1010 1286 1119 1312 habent
1137 1286 1235 1320 aliqua
1248 1286 1356 1319 jurare,
1373 1287 1402 1312 et
1417 1287 1488 1311 tune
1503 1285 1625 1318 legendo
1642 1285 1683 1310 vel
1699 1286 1797 1310 mente
1817 1286 1901 1310 tenus
1915 1285 2002 1311 habet
2016 1285 2055 1311 eis
2069 1285 2162 1310 dicere

296 1335 351 1360 alia
360 1335 539 1368 juramenta,
556 1335 691 1361 5011100151

385 1478 441 1511 (15)
453 1487 467 1501 (1
482 1479 615 1503 Secuntur
628 1477 673 1504 illa
681 1478 843 1512 juramenta
857 1485 910 1511 que
924 1477 1023 1504 habent
1033 1478 1136 1511 Jarare
1151 1476 1303 1503 bachelarii
1314 1478 1375 1510 post
1389 1476 1536 1502 colaciones
1551 1483 1624 1505 suas,
1641 1475 1739 1502 scilicet
1753 1476 1876 1501 lectiones
1891 1483 1959 1509 quas
1975 1475 2063 1509 leyere
2077 1475 2162 1500 solent

296 1528 358 1552 ante
387 1527 533 1552 licenciam.
552 1537 564 1550 »

386 1615 493 1645 Primo,
513 1616 534 1641 si
549 1616 700 1649 contingat
723 1623 770 1641 vos
790 1616 915 1649 incipere
935 1616 965 1641 111
989 1615 1098 1641 artium
1121 1615 1266 1643 facultate,
1290 1622 1336 1640 vos
1360 1614 1458 1647 legetis
1477 1622 1527 1647 per
1547 1614 1620 1639 duos
1638 1621 1730 1639 annos
1749 1613 1905 1639 continues>
1928 1614 1956 1638 et
1979 1613 2162 1646 disputabitis

296 1673 348 1698 per
362 1665 555 1698 quadraginta
570 1665 638 1694 dies,
656 1665 709 1690 nisi
724 1673 775 1697 per
790 1673 841 1690 1105
856 1665 1004 1690 vobiscum
1018 1665 1104 1690 suerit
1119 1664 1328 1696 dispensatum.

387 1715 469 1741 Item.
487 1714 567 1747 quod
582 1714 666 1740 fidele
686 1714 888 1739 testimonium
905 1714 1092 1746 perhibebitis
1107 1714 1142 1739 de
1157 1712 1325 1738 hachalariis
1345 1712 1534 1741 licentiandis,
1552 1711 1817 1745 quotienscumque
1833 1719 1883 1744 per
1897 1710 2101 1737 cancellarium
2120 1711 2163 1735 vel

296 1763 557 1789 subcancellarium
572 1763 682 1788 fueritis
696 1763 852 1796 requisitiss.

382 1812 465 1841 Item,
482 1812 562 1845 quod
577 1811 722 1837 servabitis
736 1812 878 1837 honorem
893 1813 921 1837 et
934 1811 1098 1837 libertatem
1110 1810 1272 1836 cancellarii
1287 1811 1315 1835 et
1328 1809 1511 1836 cancellarie7
1525 1809 1640 1835 ecclesie
1656 1809 1758 1835 Sancte
1771 1809 1924 1834 Geuovet'e.

384 1861 467 1889 Item,
485 1861 506 1886 si
527 1861 677 1894 contingat
698 1868 744 1886 vos
763 1861 888 1894 incipere
903 1861 933 1886 in
953 1860 1062 1886 artium
1083 1860 1227 1887 facultate.
1245 1867 1292 1885 vos
1307 1867 1367 1884 non
1387 1858 1552 1892 expendetis
1567 1858 1597 1883 in
1613 1859 1683 1884 sesto
1698 1859 1790 1884 vestro
1811 1858 1887 1883 ultra
1906 1865 2053 1883 sumniam
2072 1857 2162 1882 trium

296 1910 414 1935 milium
429 1917 595 1943 grossorum
611 1909 846 1935 1u1·onencium⁸.

384 1960 466 1987 Item,
481 1959 561 1992 quod
576 1959 697 1984 audietis
713 1966 772 1984 non
787 1959 896 1988 audita,
913 1960 1072 1992 antequam
1088 1958 1240 1991 incipiatis.
1257 1957 1310 1983 nisi
1327 1965 1377 1991 per
1392 1965 1444 1982 nos
1459 1956 1607 1982 vobiscum
1622 1956 1708 1982 suerit
1722 1956 1931 1988 dispensatum.

383 2008 466 2037 Item,
483 2008 564 2041 quod
579 2007 724 2033 servabitis
743 2008 928 2033 concordiam
944 2009 971 2033 et
987 2015 1087 2041 pacem
1103 2008 1221 2032 firmam
1237 2006 1313 2032 inter
1329 2006 1478 2039 theologos
1492 2007 1520 2031 et
1535 2005 1655 2034 1111151115,
1673 2005 1817 2038 religiosos
1831 2006 1859 2030 et
1874 2005 2021 2030 seculares.

384 2056 562 2082 Juramentis
581 2056 636 2082 illis
655 2057 779 2082 recitatis
798 2057 851 2089 ipsi
871 2056 1026 2083 bachalarii
1045 2056 1151 2082 debent
1171 2064 1295 2081 manum
1316 2063 1422 2088 ponere
1437 2055 1473 2080 ad
1488 2054 1655 2087 euvangelia
1671 2062 1729 2087 que
1745 2054 1853 2080 tenebit
1868 2053 2117 2082 subcancellarius,
2134 2054 2160 2078 et

295 2105 400 2131 debent
416 2105 527 2131 dicere:
543 2115 556 2129 «
571 2106 611 2130 Ita
626 2106 704 2138 juro.
723 2116 736 2128 η

383 2154 560 2180 Juramentis
575 2154 612 2179 510
627 2154 760 2187 prestitis,
778 2154 830 2188 ipsi
846 2154 1000 2180 bachelarii
1015 2154 1122 2180 debent
1137 2162 1165 2179 50
1185 2161 1291 2187 ponere
1306 2153 1342 2178 ad
1357 2161 1461 2186 genua,
1479 2154 1507 2178 et
1523 2154 1593 2178 tuuc
1613 2151 1853 2177 subcancellarius
1872 2151 1963 2184 capite
1983 2151 2162 2183 discooperto

295 2203 378 2229 debet
395 2203 521 2229 dicere⁹z

385 2263 397 2275 α
415 2253 450 2277 Et
473 2260 526 2284 ego
548 2252 719 2278 auctoritate
743 2253 942 2285 apostolorum
968 2252 1041 2278 Petri
1067 2253 1095 2277 et
1118 2251 1197 2277 Pauli
1218 2251 1247 2276 in
1270 2252 1321 2277 hac
1344 2252 1421 2284 parte
1445 2250 1518 2275 mihi
1540 2249 1692 2275 commissa
1712 2250 1749 2274 do
1771 2249 1847 2274 vohis
1867 2249 2015 2275 licenciam
2036 2249 2160 2281 legendi,

296 2301 424 2332 regendi,
448 2301 615 2334 disputandi
637 2302 665 2326 et
688 2301 903 2326 determinandi
928 2303 1095 2334 ceterosque
1110 2302 1190 2326 actus
1212 2300 1370 2325 scolasticos
1386 2307 1434 2325 5011
1460 2299 1637 2331 magistrales
1661 2298 1809 2324 exercendi
1834 2298 1863 2322 in
1890 2298 2024 2323 facultate
2050 2297 2159 2322 artium

298 2350 418 2375 Parisius
433 2351 461 2375 et
477 2349 586 2382 ubique
602 2351 755 2378 terrarum,
773 2350 802 2374 in
819 2350 939 2375 nomine
956 2350 1044 2375 Patris
1059 2351 1086 2375 01
1104 2349 1165 2374 Filii
1181 2350 1209 2374 et
1225 2349 1348 2382 Spiritus
1364 2348 1469 2373 Sancti.
1487 2348 1589 2373 Amen.
1608 2358 1619 2370 »

385 2399 450 2431 Quo
470 2399 543 2424 sacto
564 2398 692 2424 recedere
711 2398 818 2424 debent
837 2398 984 2427 licentiati,
1002 2400 1030 2424 et
1045 2398 1286 2423 subcancellarius
1301 2397 1386 2422 (lebet
1401 2405 1428 2422 se
1447 2397 1591 2422 retrahere
1603 2396 1639 2421 ad
1654 2397 1766 2428 partem
1784 2397 1850 2420 ante
1867 2403 1962 2420 unmn
1977 2395 2065 2419 attare
2081 2394 2160 2427 quod

295 2449 337 2473 est
349 2447 433 2480 juxta
453 2447 582 2472 hostium
598 2447 678 2473 chori
698 2447 812 2473 ecclesie
835 2449 902 2473 ante
924 2447 1107 2475 crucifixum,
1126 2448 1154 2472 et
1172 2446 1257 2472 debet
1277 2446 1384 2472 ibidem
1404 2446 1562 2478 expectare,
1583 2445 1674 2470 donec
1694 2444 1810 2469 veniant
1831 2443 1984 2469 bachalarii
2003 2443 2039 2468 ad
2063 2451 2161 2475 regra-

296 2496 432 2522 tiandum
445 2496 507 2521 sibi.

384 2545 418 2570 Et
434 2545 465 2570 in
480 2545 536 2571 hoc
550 2545 715 2578 completur
729 2546 818 2571 actus.

389 2632 456 2654 Bibl.
470 2632 495 2655 S.
508 2632 654 2655 Genovesae
670 2632 752 2654 Paris.
769 2640 816 2654 1115,
829 2632 859 2659 Q.
873 2632 890 2654 1.
902 2633 914 2654 ‘2
927 2631 1025 2662 (in-80)⁷
1036 2631 1079 2653 fol.
1093 2631 1147 2653 5-1‘.)
1160 2632 1236 2659 (sace.
1250 2638 1290 2657 xv,
1308 2629 1383 2658 initi).
1396 2643 1424 2645 ῌ
1437 2630 1504 2652 Haec
1512 2629 1662 2660 juramenta
1673 2628 1879 2651 subcancellario
1893 2629 1917 2651 S.
1931 2628 2076 2651 Genovofae
2088 2630 2161 2650 erant

295 2676 462 2708 praestanda,
486 2679 510 2698 et
530 2676 633 2707 quidem
653 2676 677 2698 in
697 2684 800 2699 camera
824 2677 881 2705 (1⁴¹),
904 2684 962 2698 cum
980 2675 1129 2706 juramenta
1146 2683 1226 2705 supra
1243 2675 1290 2703 (13)
1307 2674 1393 2704 posita
1409 2674 1433 2696 in
1453 2673 1602 2704 praesentia
1618 2673 1749 2696 facultatis
1766 2682 1779 2695 a
1797 2672 1960 2695 licentiandis
1977 2674 2063 2694 essent
2080 2679 2160 2694 enun-

295 2721 395 2744 tinnda.
424 2720 532 2743 Articuli
546 2720 755 2751 juramentorum
773 2728 853 2751 supra
873 2720 1003 2743 editorum
1019 2720 1052 2742 ad
1068 2722 1178 2742 aetutem
1195 2722 1254 2741 ante
1269 2727 1310 2741 an.
1328 2719 1388 2741 13611
1403 2718 1542 2748 pertinent,
1565 2726 1624 2740 nam
1645 2717 1796 2740 reformatio
1819 2716 2003 2739 Universitatis
2024 2716 2072 2738 hoc
2095 2723 2162 2738 anno

295 2765 385 2788 effecta
401 2765 434 2795 (v.
449 2769 478 2787 n⁰
493 2765 563 2794 1189,
579 2765 809 2794 Introductionem)
824 2765 945 2796 exigebat
964 2773 978 2787 a
998 2764 1164 2787 licentiandis
1185 2763 1345 2786 auditionem
1362 2762 1566 2786 Doct7·inalis¹⁰
1582 2765 1606 2785 01.
1623 2762 1817 2789 Graecismiss,
1836 2761 1941 2784 minime
1958 2769 2018 2784 vero
2034 2760 2161 2783 librorum

295 2809 423 2832 Prisciani
441 2812 466 2832 et
481 2809 573 2832 Donati
595 2810 839 2838 (Barbari-smum),
856 2809 937 2832 Boetii
961 2810 1000 2832 De
1020 2808 1217 2835 consolatione,
1241 2810 1266 2830 et
1288 2807 1344 2830 Sex
1363 2806 1576 2836 Principiorum
1603 2808 1640 2835 (ut
1662 2806 1740 2829 etiam
1764 2806 1788 2828 in
1812 2805 1996 2828 reformatione
2019 2812 2060 2827 an.
2081 2805 2160 2833 1452).

296 2854 406 2884 Insuper
427 2853 579 2876 reformatio
599 2853 719 2884 exigebat
740 2853 899 2876 auditionem
923 2853 1134 2882 Metaphysicae
1155 2852 1221 2880 (Bul.
1236 2859 1375 2882 perperam
1391 2860 1404 2872 n
1417 2850 1581 2873 Mecbanieae
1595 2858 1616 2878 1),
1636 2850 1675 2878 lV,
1693 2852 1756 2879 390),
1773 2858 1839 2881 quae
1855 2849 1968 2873 Oxoniae
1983 2849 2061 2872 etiam
2077 2848 2162 2871 adhuc

295 2906 327 2921 an
354 2898 415 2921 1340
430 2906 480 2920 non
496 2901 552 2920 erat
567 2897 731 2928 praescripta
752 2898 844 2927 (illuri.
868 2899 1009 2926 Academ.,
1027 2897 1046 2924 1,
1064 2897 1108 2919 142
1125 2898 1184 2927 sq.).
1209 2896 1258 2918 Sed
1275 2895 1406 2926 posterius
1423 2903 1500 2926 quani
1522 2903 1588 2918 anno
1609 2895 1669 2917 1252
1685 2894 1788 2917 articuli
1807 2894 1903 2917 conditi
1927 2897 1994 2921 sunt,
2010 2896 2038 2916 111.
2055 2901 2067 2916 0
2085 2892 2160 2915 libris
