<?xml version="1.0" encoding="UTF-8"?>
<!DOCTYPE html PUBLIC "-//W3C//DTD XHTML 1.0 Transitional//EN"
    "http://www.w3.org/TR/xhtml1/DTD/xhtml1-transitional.dtd">
<html xmlns="http://www.w3.org/1999/xhtml" xml:lang="en" lang="en">
 <head>
  <title>
</title>
<meta http-equiv="Content-Type" content="text/html;charset=utf-8" />
  <meta name='ocr-system' content='tesseract 3.04.00' />
  <meta name='ocr-capabilities' content='ocr_page ocr_carea ocr_par ocr_line ocrx_word'/>
</head>
<body>
  <div class='ocr_page' id='page_1' title='image "./chartulariumuniv02univuoft/chartulariumuniv02univuoft_0179.png"; bbox 0 0 2534 3444; ppageno 0'>
   <div class='ocr_carea' id='block_1_1' title="bbox 305 345 2167 386">
    <p class='ocr_par' dir='ltr' id='par_1_1' title="bbox 305 345 2167 386">
     <span class='ocr_line' id='line_1_1' title="bbox 305 345 2167 386; baseline 0.001 -7"><span class='ocrx_word' id='word_1_1' title='bbox 305 345 400 382; x_wconf 89' lang='lat'><strong>1312]</strong></span> <span class='ocrx_word' id='word_1_2' title='bbox 701 358 747 379; x_wconf 67' lang='lat' dir='ltr'>AB</span> <span class='ocrx_word' id='word_1_3' title='bbox 781 357 887 379; x_wconf 64' lang='lat' dir='ltr'>Anno</span> <span class='ocrx_word' id='word_1_4' title='bbox 921 357 1155 379; x_wconf 76' lang='lat' dir='ltr'>MCCLxxxw</span> <span class='ocrx_word' id='word_1_5' title='bbox 1189 357 1321 386; x_wconf 79' lang='lat' dir='ltr'><strong>USQUE</strong></span> <span class='ocrx_word' id='word_1_6' title='bbox 1357 358 1404 379; x_wconf 76' lang='lat' dir='ltr'>,m</span> <span class='ocrx_word' id='word_1_7' title='bbox 1439 358 1577 380; x_wconf 70' lang='lat' dir='ltr'>ANNUM</span> <span class='ocrx_word' id='word_1_8' title='bbox 1611 359 1752 381; x_wconf 83' lang='lat' dir='ltr'>MCCCL.</span> <span class='ocrx_word' id='word_1_9' title='bbox 2105 353 2167 386; x_wconf 85' lang='grc'><strong>149</strong></span> 
     </span>
    </p>
   </div>
   <div class='ocr_carea' id='block_1_2' title="bbox 302 431 2169 476">
    <p class='ocr_par' dir='ltr' id='par_1_2' title="bbox 302 431 2169 476">
     <span class='ocr_line' id='line_1_2' title="bbox 302 431 2169 476; baseline 0.003 -12"><span class='ocrx_word' id='word_1_10' title='bbox 302 432 394 465; x_wconf 90' lang='lat' dir='ltr'>bene</span> <span class='ocrx_word' id='word_1_11' title='bbox 414 431 535 466; x_wconf 85' lang='lat' dir='ltr'>valere</span> <span class='ocrx_word' id='word_1_12' title='bbox 556 432 592 464; x_wconf 92' lang='lat' dir='ltr'>in</span> <span class='ocrx_word' id='word_1_13' title='bbox 620 431 775 464; x_wconf 91' lang='lat' dir='ltr'>Domino</span> <span class='ocrx_word' id='word_1_14' title='bbox 801 431 980 475; x_wconf 77' lang='lat' dir='ltr'>cupimus,</span> <span class='ocrx_word' id='word_1_15' title='bbox 1003 431 1342 464; x_wconf 82' lang='lat' dir='ltr'>recommendamus</span> <span class='ocrx_word' id='word_1_16' title='bbox 1363 443 1406 463; x_wconf 89' lang='lat' dir='ltr'>ex</span> <span class='ocrx_word' id='word_1_17' title='bbox 1427 431 1549 472; x_wconf 75' lang='lat' dir='ltr'>corde,</span> <span class='ocrx_word' id='word_1_18' title='bbox 1573 439 1763 476; x_wconf 82' lang='lat' dir='ltr'>presentes</span> <span class='ocrx_word' id='word_1_19' title='bbox 1785 432 1855 465; x_wconf 88' lang='lat' dir='ltr'>sibi</span> <span class='ocrx_word' id='word_1_20' title='bbox 1875 433 2013 467; x_wconf 74' lang='lat' dir='ltr'>litteras</span> <span class='ocrx_word' id='word_1_21' title='bbox 2039 448 2169 469; x_wconf 80' lang='lat' dir='ltr'>conce-</span> 
     </span>
    </p>
   </div>
   <div class='ocr_carea' id='block_1_3' title="bbox 301 497 2169 546">
    <p class='ocr_par' dir='ltr' id='par_1_3' title="bbox 301 497 2169 546">
     <span class='ocr_line' id='line_1_3' title="bbox 301 497 2169 546; baseline 0.002 -15"><span class='ocrx_word' id='word_1_22' title='bbox 301 498 429 531; x_wconf 84' lang='lat' dir='ltr'>dentes</span> <span class='ocrx_word' id='word_1_23' title='bbox 458 498 494 530; x_wconf 90' lang='lat' dir='ltr'>in</span> <span class='ocrx_word' id='word_1_24' title='bbox 524 497 771 531; x_wconf 90' lang='lat' dir='ltr'>testimonium</span> <span class='ocrx_word' id='word_1_25' title='bbox 801 497 976 530; x_wconf 85' lang='lat' dir='ltr'>veritatis.</span> <span class='ocrx_word' id='word_1_26' title='bbox 1016 498 1094 530; x_wconf 85' lang='lat' dir='ltr'>Dat.</span> <span class='ocrx_word' id='word_1_27' title='bbox 1133 497 1293 530; x_wconf 86' lang='lat' dir='ltr'>Parisius</span> <span class='ocrx_word' id='word_1_28' title='bbox 1330 509 1424 530; x_wconf 87' lang='lat' dir='ltr'>anno</span> <span class='ocrx_word' id='word_1_29' title='bbox 1455 498 1599 530; x_wconf 86' lang='lat' dir='ltr'>Domini</span> <span class='ocrx_word' id='word_1_30' title='bbox 1636 498 1831 539; x_wconf 83' lang='lat' dir='ltr'>MCCCXI,</span> <span class='ocrx_word' id='word_1_31' title='bbox 1863 499 1920 532; x_wconf 94' lang='lat' dir='ltr'>die</span> <span class='ocrx_word' id='word_1_32' title='bbox 1951 501 2049 544; x_wconf 88' lang='lat' dir='ltr'>jovis</span> <span class='ocrx_word' id='word_1_33' title='bbox 2087 509 2169 546; x_wconf 87' lang='lat' dir='ltr'>post</span> 
     </span>
    </p>
   </div>
   <div class='ocr_carea' id='block_1_4' title="bbox 300 563 979 608">
    <p class='ocr_par' dir='ltr' id='par_1_4' title="bbox 300 563 979 608">
     <span class='ocr_line' id='line_1_4' title="bbox 300 563 979 608; baseline -0.001 -11"><span class='ocrx_word' id='word_1_34' title='bbox 300 564 523 598; x_wconf 82' lang='lat' dir='ltr'>Nativitatem</span> <span class='ocrx_word' id='word_1_35' title='bbox 545 563 649 597; x_wconf 86' lang='lat' dir='ltr'>beate</span> <span class='ocrx_word' id='word_1_36' title='bbox 670 563 782 596; x_wconf 89' lang='lat' dir='ltr'>Marie</span> <span class='ocrx_word' id='word_1_37' title='bbox 803 563 979 608; x_wconf 81' lang='lat' dir='ltr'>Virginis.</span> 
     </span>
    </p>
   </div>
   <div class='ocr_carea' id='block_1_5' title="bbox 297 661 2169 870">
    <p class='ocr_par' dir='ltr' id='par_1_5' title="bbox 297 661 2169 870">
     <span class='ocr_line' id='line_1_5' title="bbox 391 661 2168 694; baseline 0.002 -8"><span class='ocrx_word' id='word_1_38' title='bbox 391 662 533 687; x_wconf 77' lang='lat' dir='ltr'>Sententia</span> <span class='ocrx_word' id='word_1_39' title='bbox 557 661 699 692; x_wconf 76' lang='lat' dir='ltr'>definitiva</span> <span class='ocrx_word' id='word_1_40' title='bbox 719 662 751 685; x_wconf 82' lang='lat' dir='ltr'>in</span> <span class='ocrx_word' id='word_1_41' title='bbox 771 663 896 691; x_wconf 79' lang='lat' dir='ltr'>favorem</span> <span class='ocrx_word' id='word_1_42' title='bbox 906 661 1022 691; x_wconf 78' lang='lat' dir='ltr'>pietatis</span> <span class='ocrx_word' id='word_1_43' title='bbox 1039 665 1064 685; x_wconf 81' lang='lat' dir='ltr'>ct</span> <span class='ocrx_word' id='word_1_44' title='bbox 1078 661 1223 685; x_wconf 75' lang='lat' dir='ltr'>doctrinae</span> <span class='ocrx_word' id='word_1_45' title='bbox 1246 661 1270 685; x_wconf 86' lang='lat' dir='ltr'>b.</span> <span class='ocrx_word' id='word_1_46' title='bbox 1290 661 1460 692; x_wconf 74' lang='lat' dir='ltr'>Raymundt</span> <span class='ocrx_word' id='word_1_47' title='bbox 1477 662 1569 686; x_wconf 85' lang='lat' dir='ltr'>Lullii</span> <span class='ocrx_word' id='word_1_48' title='bbox 1583 662 1673 692; x_wconf 75' lang='lat'><strong>(1676),</strong></span> <span class='ocrx_word' id='word_1_49' title='bbox 1692 671 1718 694; x_wconf 84' lang='lat' dir='ltr'>p.</span> <span class='ocrx_word' id='word_1_50' title='bbox 1735 663 1789 686; x_wconf 85' lang='lat'>117.</span> <span class='ocrx_word' id='word_1_51' title='bbox 1804 664 1939 692; x_wconf 79' lang='lat' dir='ltr'>Custurer,</span> <span class='ocrx_word' id='word_1_52' title='bbox 1959 664 2168 690; x_wconf 74' lang='lat' dir='ltr'>Disertaciones</span> 
     </span>
     <span class='ocr_line' id='line_1_6' title="bbox 298 705 2167 737; baseline 0.001 -6"><span class='ocrx_word' id='word_1_53' title='bbox 298 706 451 734; x_wconf 74' lang='lat' dir='ltr'>historicas.</span> <span class='ocrx_word' id='word_1_54' title='bbox 468 709 527 735; x_wconf 63' lang='lat' dir='ltr'>etc„</span> <span class='ocrx_word' id='word_1_55' title='bbox 539 714 566 737; x_wconf 84' lang='lat' dir='ltr'>p.</span> <span class='ocrx_word' id='word_1_56' title='bbox 582 707 636 729; x_wconf 84' lang='lat'>207.</span> <span class='ocrx_word' id='word_1_57' title='bbox 653 706 819 737; x_wconf 70' lang='lat' dir='ltr'>D&#39;Argentre,</span> <span class='ocrx_word' id='word_1_58' title='bbox 837 705 903 729; x_wconf 80' lang='lat' dir='ltr'>Coll.</span> <span class='ocrx_word' id='word_1_59' title='bbox 919 706 994 733; x_wconf 65' lang='lat' dir='ltr'>dud„</span> <span class='ocrx_word' id='word_1_60' title='bbox 1011 706 1031 734; x_wconf 84' lang='lat' dir='ltr'>I,</span> <span class='ocrx_word' id='word_1_61' title='bbox 1049 706 1102 729; x_wconf 83' lang='lat'><strong>247.</strong></span> <span class='ocrx_word' id='word_1_62' title='bbox 1119 706 1242 734; x_wconf 82' lang='lat' dir='ltr'>Bulaeus,</span> <span class='ocrx_word' id='word_1_63' title='bbox 1259 706 1301 735; x_wconf 90' lang='lat' dir='ltr'>IV,</span> <span class='ocrx_word' id='word_1_64' title='bbox 1317 707 1371 729; x_wconf 81' lang='lat'>955.</span> <span class='ocrx_word' id='word_1_65' title='bbox 1386 706 1510 737; x_wconf 79' lang='lat' dir='ltr'>Ejusdem</span> <span class='ocrx_word' id='word_1_66' title='bbox 1525 710 1662 737; x_wconf 78' lang='lat' dir='ltr'>praeterea</span> <span class='ocrx_word' id='word_1_67' title='bbox 1678 707 1774 730; x_wconf 80' lang='lat' dir='ltr'>mentio</span> <span class='ocrx_word' id='word_1_68' title='bbox 1790 708 1819 730; x_wconf 82' lang='lat' dir='ltr'>fit</span> <span class='ocrx_word' id='word_1_69' title='bbox 1833 708 1859 730; x_wconf 91' lang='lat' dir='ltr'>in</span> <span class='ocrx_word' id='word_1_70' title='bbox 1875 708 1973 731; x_wconf 79' lang='lat' dir='ltr'>chartis</span> <span class='ocrx_word' id='word_1_71' title='bbox 1989 709 2058 731; x_wconf 87' lang='lat' dir='ltr'>Petri</span> <span class='ocrx_word' id='word_1_72' title='bbox 2077 710 2110 732; x_wconf 85' lang='lat' dir='ltr'>lv</span> <span class='ocrx_word' id='word_1_73' title='bbox 2125 718 2167 733; x_wconf 89' lang='lat' dir='ltr'>an.</span> 
     </span>
     <span class='ocr_line' id='line_1_7' title="bbox 298 750 2167 782; baseline 0.001 -8"><span class='ocrx_word' id='word_1_74' title='bbox 298 751 359 774; x_wconf 80' lang='lat'><strong>1369</strong></span> <span class='ocrx_word' id='word_1_75' title='bbox 379 754 404 774; x_wconf 82' lang='lat' dir='ltr'>et</span> <span class='ocrx_word' id='word_1_76' title='bbox 419 750 546 782; x_wconf 76' lang='lat' dir='ltr'>Alphonsi</span> <span class='ocrx_word' id='word_1_77' title='bbox 561 750 590 778; x_wconf 83' lang='lat' dir='ltr'>V,</span> <span class='ocrx_word' id='word_1_78' title='bbox 607 750 638 773; x_wconf 89' lang='lat' dir='ltr'>de</span> <span class='ocrx_word' id='word_1_79' title='bbox 653 750 749 781; x_wconf 85' lang='lat' dir='ltr'>quibus</span> <span class='ocrx_word' id='word_1_80' title='bbox 765 754 793 773; x_wconf 89' lang='lat' dir='ltr'>n⁰</span> <span class='ocrx_word' id='word_1_81' title='bbox 808 751 863 773; x_wconf 83' lang='lat'>679.</span> <span class='ocrx_word' id='word_1_82' title='bbox 879 750 992 773; x_wconf 80' lang='lat' dir='ltr'>—Ilaec</span> <span class='ocrx_word' id='word_1_83' title='bbox 1012 750 1125 781; x_wconf 81' lang='lat' dir='ltr'>epistola</span> <span class='ocrx_word' id='word_1_84' title='bbox 1145 759 1204 773; x_wconf 87' lang='lat' dir='ltr'>eum</span> <span class='ocrx_word' id='word_1_85' title='bbox 1224 750 1387 773; x_wconf 77' lang='lat' dir='ltr'>documentis</span> <span class='ocrx_word' id='word_1_86' title='bbox 1407 750 1441 773; x_wconf 75' lang='lat' dir='ltr'>nis</span> <span class='ocrx_word' id='word_1_87' title='bbox 1462 751 1508 773; x_wconf 78' lang='lat'>679</span> <span class='ocrx_word' id='word_1_88' title='bbox 1532 754 1557 774; x_wconf 87' lang='lat' dir='ltr'>et</span> <span class='ocrx_word' id='word_1_89' title='bbox 1578 752 1623 774; x_wconf 85' lang='lat'>684</span> <span class='ocrx_word' id='word_1_90' title='bbox 1647 751 1724 774; x_wconf 76' lang='lat' dir='ltr'>editis</span> <span class='ocrx_word' id='word_1_91' title='bbox 1747 752 1837 775; x_wconf 87' lang='lat' dir='ltr'>intime</span> <span class='ocrx_word' id='word_1_92' title='bbox 1858 753 2028 776; x_wconf 86' lang='lat' dir='ltr'>connectitur.</span> <span class='ocrx_word' id='word_1_93' title='bbox 2054 753 2167 781; x_wconf 87' lang='lat' dir='ltr'>Quidam</span> 
     </span>
     <span class='ocr_line' id='line_1_8' title="bbox 298 794 2169 826; baseline 0.002 -8"><span class='ocrx_word' id='word_1_94' title='bbox 298 794 419 826; x_wconf 78' lang='lat' dir='ltr'>magistri</span> <span class='ocrx_word' id='word_1_95' title='bbox 438 794 634 821; x_wconf 81' lang='lat' dir='ltr'>Universitntis,</span> <span class='ocrx_word' id='word_1_96' title='bbox 648 797 740 825; x_wconf 77' lang='lat' dir='ltr'>postea</span> <span class='ocrx_word' id='word_1_97' title='bbox 755 794 896 825; x_wconf 82' lang='lat' dir='ltr'>Philippus</span> <span class='ocrx_word' id='word_1_98' title='bbox 916 802 969 822; x_wconf 83' lang='lat' dir='ltr'>rex,</span> <span class='ocrx_word' id='word_1_99' title='bbox 984 794 1096 825; x_wconf 82' lang='lat' dir='ltr'>denique</span> <span class='ocrx_word' id='word_1_100' title='bbox 1111 794 1285 818; x_wconf 76' lang='lat' dir='ltr'>cancellarius</span> <span class='ocrx_word' id='word_1_101' title='bbox 1301 795 1387 818; x_wconf 79' lang='lat' dir='ltr'>Paris.</span> <span class='ocrx_word' id='word_1_102' title='bbox 1404 795 1435 818; x_wconf 88' lang='lat' dir='ltr'>de</span> <span class='ocrx_word' id='word_1_103' title='bbox 1450 795 1501 818; x_wconf 90' lang='lat' dir='ltr'>fide</span> <span class='ocrx_word' id='word_1_104' title='bbox 1519 795 1664 818; x_wconf 73' lang='lat' dir='ltr'>orthodoxa</span> <span class='ocrx_word' id='word_1_105' title='bbox 1678 796 1818 819; x_wconf 81' lang='lat' dir='ltr'>Raimundi</span> <span class='ocrx_word' id='word_1_106' title='bbox 1833 797 1901 820; x_wconf 91' lang='lat' dir='ltr'>Lulli</span> <span class='ocrx_word' id='word_1_107' title='bbox 1917 797 2096 820; x_wconf 84' lang='lat' dir='ltr'>testimonium</span> <span class='ocrx_word' id='word_1_108' title='bbox 2110 799 2169 821; x_wconf 88' lang='lat' dir='ltr'>red-</span> 
     </span>
     <span class='ocr_line' id='line_1_9' title="bbox 297 839 1614 870; baseline 0 -8"><span class='ocrx_word' id='word_1_109' title='bbox 297 839 371 863; x_wconf 89' lang='lat' dir='ltr'>dunt.</span> <span class='ocrx_word' id='word_1_110' title='bbox 390 839 440 862; x_wconf 86' lang='lat' dir='ltr'>Sed</span> <span class='ocrx_word' id='word_1_111' title='bbox 455 847 536 870; x_wconf 78' lang='lat' dir='ltr'>quare</span> <span class='ocrx_word' id='word_1_112' title='bbox 550 847 580 862; x_wconf 84' lang='lat' dir='ltr'>eo</span> <span class='ocrx_word' id='word_1_113' title='bbox 595 842 722 870; x_wconf 81' lang='lat' dir='ltr'>tempore,</span> <span class='ocrx_word' id='word_1_114' title='bbox 736 847 787 870; x_wconf 88' lang='lat' dir='ltr'>quo</span> <span class='ocrx_word' id='word_1_115' title='bbox 800 847 875 862; x_wconf 88' lang='lat' dir='ltr'>nemo</span> <span class='ocrx_word' id='word_1_116' title='bbox 891 839 1064 862; x_wconf 79' lang='lat' dir='ltr'>orthodoxam</span> <span class='ocrx_word' id='word_1_117' title='bbox 1078 839 1218 862; x_wconf 77' lang='lat' dir='ltr'>Ruimundi</span> <span class='ocrx_word' id='word_1_118' title='bbox 1234 839 1312 862; x_wconf 84' lang='lat' dir='ltr'>fidem</span> <span class='ocrx_word' id='word_1_119' title='bbox 1326 839 1352 862; x_wconf 92' lang='lat' dir='ltr'>in</span> <span class='ocrx_word' id='word_1_120' title='bbox 1368 839 1478 862; x_wconf 89' lang='lat' dir='ltr'>dubium</span> <span class='ocrx_word' id='word_1_121' title='bbox 1494 839 1614 862; x_wconf 76' lang='lat' dir='ltr'>vocavit?</span> 
     </span>
    </p>
   </div>
   <div class='ocr_carea' id='block_1_6' title="bbox 297 1014 2168 1450">
    <p class='ocr_par' dir='ltr' id='par_1_6' title="bbox 297 1014 2168 1450">
     <span class='ocr_line' id='line_1_10' title="bbox 297 1014 2168 1060; baseline 0.001 -9"><span class='ocrx_word' id='word_1_122' title='bbox 297 1014 408 1051; x_wconf 81' lang='grc'><strong>692.</strong></span> <span class='ocrx_word' id='word_1_123' title='bbox 430 1023 583 1059; x_wconf 79' lang='lat' dir='ltr'>Philippus</span> <span class='ocrx_word' id='word_1_124' title='bbox 605 1025 652 1058; x_wconf 84' lang='lat' dir='ltr'>IV,</span> <span class='ocrx_word' id='word_1_125' title='bbox 675 1025 848 1049; x_wconf 83' lang='lat' dir='ltr'>Francorum</span> <span class='ocrx_word' id='word_1_126' title='bbox 872 1032 932 1057; x_wconf 67' lang='lat' dir='ltr'>rex,</span> <span class='ocrx_word' id='word_1_127' title='bbox 948 1022 1131 1058; x_wconf 82' lang='lat' dir='ltr'>praescribit,</span> <span class='ocrx_word' id='word_1_128' title='bbox 1150 1031 1184 1048; x_wconf 84' lang='lat' dir='ltr'>ne</span> <span class='ocrx_word' id='word_1_129' title='bbox 1207 1022 1235 1048; x_wconf 85' lang='lat' dir='ltr'>in</span> <span class='ocrx_word' id='word_1_130' title='bbox 1259 1022 1326 1048; x_wconf 68' lang='lat' dir='ltr'>willa</span> <span class='ocrx_word' id='word_1_131' title='bbox 1348 1023 1518 1057; x_wconf 81' lang='lat' dir='ltr'>Parisiensi,</span> <span class='ocrx_word' id='word_1_132' title='bbox 1536 1033 1551 1049; x_wconf 88' lang='lat'>«</span> <span class='ocrx_word' id='word_1_133' title='bbox 1569 1033 1643 1059; x_wconf 86' lang='lat' dir='ltr'>quae</span> <span class='ocrx_word' id='word_1_134' title='bbox 1663 1025 1780 1060; x_wconf 79' lang='lat' dir='ltr'>proprie</span> <span class='ocrx_word' id='word_1_135' title='bbox 1800 1025 1878 1051; x_wconf 89' lang='lat' dir='ltr'>locus</span> <span class='ocrx_word' id='word_1_136' title='bbox 1901 1029 1944 1051; x_wconf 85' lang='lat' dir='ltr'>est</span> <span class='ocrx_word' id='word_1_137' title='bbox 1965 1026 2168 1060; x_wconf 68' lang='lat' dir='ltr'>ferventissimi</span> 
     </span>
     <span class='ocr_line' id='line_1_11' title="bbox 383 1071 2166 1109; baseline 0.002 -11"><span class='ocrx_word' id='word_1_138' title='bbox 383 1073 473 1107; x_wconf 79' lang='lat' dir='ltr'>fontis</span> <span class='ocrx_word' id='word_1_139' title='bbox 493 1073 641 1107; x_wconf 80' lang='lat' dir='ltr'>scientiae,</span> <span class='ocrx_word' id='word_1_140' title='bbox 665 1081 739 1108; x_wconf 88' lang='lat' dir='ltr'>quae</span> <span class='ocrx_word' id='word_1_141' title='bbox 759 1072 846 1099; x_wconf 86' lang='lat' dir='ltr'>etiam</span> <span class='ocrx_word' id='word_1_142' title='bbox 867 1072 990 1097; x_wconf 82' lang='lat' dir='ltr'>scientes</span> <span class='ocrx_word' id='word_1_143' title='bbox 1010 1072 1091 1108; x_wconf 82' lang='lat' dir='ltr'>parit</span> <span class='ocrx_word' id='word_1_144' title='bbox 1112 1075 1139 1097; x_wconf 84' lang='lat' dir='ltr'>et</span> <span class='ocrx_word' id='word_1_145' title='bbox 1159 1071 1187 1097; x_wconf 88' lang='lat' dir='ltr'>in</span> <span class='ocrx_word' id='word_1_146' title='bbox 1205 1075 1283 1097; x_wconf 82' lang='lat' dir='ltr'>utero</span> <span class='ocrx_word' id='word_1_147' title='bbox 1303 1072 1444 1108; x_wconf 86' lang='lat' dir='ltr'>recipiens</span> <span class='ocrx_word' id='word_1_148' title='bbox 1466 1073 1639 1107; x_wconf 79' lang='lat' dir='ltr'>ignorantes,</span> <span class='ocrx_word' id='word_1_149' title='bbox 1658 1073 1773 1099; x_wconf 83' lang='lat' dir='ltr'>tandem</span> <span class='ocrx_word' id='word_1_150' title='bbox 1795 1083 1866 1100; x_wconf 86' lang='lat' dir='ltr'>suae</span> <span class='ocrx_word' id='word_1_151' title='bbox 1889 1075 1978 1108; x_wconf 80' lang='lat' dir='ltr'>fontis</span> <span class='ocrx_word' id='word_1_152' title='bbox 1997 1076 2166 1109; x_wconf 79' lang='lat' dir='ltr'>germinosis</span> 
     </span>
     <span class='ocr_line' id='line_1_12' title="bbox 384 1120 2168 1157; baseline 0.002 -11"><span class='ocrx_word' id='word_1_153' title='bbox 384 1121 549 1157; x_wconf 85' lang='lat' dir='ltr'>sapientiae</span> <span class='ocrx_word' id='word_1_154' title='bbox 571 1122 680 1155; x_wconf 79' lang='lat' dir='ltr'>rigatos</span> <span class='ocrx_word' id='word_1_155' title='bbox 702 1121 800 1147; x_wconf 73' lang='lat' dir='ltr'>rivulis</span> <span class='ocrx_word' id='word_1_156' title='bbox 823 1121 998 1146; x_wconf 80' lang='lat' dir='ltr'>diversarum</span> <span class='ocrx_word' id='word_1_157' title='bbox 1018 1120 1192 1154; x_wconf 74' lang='lat' dir='ltr'>facultatum</span> <span class='ocrx_word' id='word_1_158' title='bbox 1213 1120 1309 1146; x_wconf 82' lang='lat' dir='ltr'>reddit</span> <span class='ocrx_word' id='word_1_159' title='bbox 1332 1121 1461 1147; x_wconf 81' lang='lat' dir='ltr'>scientiis</span> <span class='ocrx_word' id='word_1_160' title='bbox 1482 1122 1633 1155; x_wconf 77' lang='lat' dir='ltr'>insignitos</span> <span class='ocrx_word' id='word_1_161' title='bbox 1652 1131 1676 1156; x_wconf 78' lang='lat'>»‚</span> <span class='ocrx_word' id='word_1_162' title='bbox 1695 1126 1722 1148; x_wconf 86' lang='lat' dir='ltr'>et</span> <span class='ocrx_word' id='word_1_163' title='bbox 1742 1122 1770 1148; x_wconf 86' lang='lat' dir='ltr'>in</span> <span class='ocrx_word' id='word_1_164' title='bbox 1791 1123 1986 1149; x_wconf 67' lang='lat' dir='ltr'>vicecomitatu</span> <span class='ocrx_word' id='word_1_165' title='bbox 2005 1124 2168 1150; x_wconf 85' lang='lat' dir='ltr'>Parisiensi</span> 
     </span>
     <span class='ocr_line' id='line_1_13' title="bbox 385 1170 2164 1207; baseline 0.002 -12"><span class='ocrx_word' id='word_1_166' title='bbox 385 1170 537 1205; x_wconf 84' lang='lat' dir='ltr'>quisquam</span> <span class='ocrx_word' id='word_1_167' title='bbox 561 1170 724 1204; x_wconf 76' lang='lat' dir='ltr'>chirurgiae</span> <span class='ocrx_word' id='word_1_168' title='bbox 739 1173 829 1195; x_wconf 90' lang='lat' dir='ltr'>artem</span> <span class='ocrx_word' id='word_1_169' title='bbox 846 1178 978 1195; x_wconf 78' lang='lat' dir='ltr'>exercere</span> <span class='ocrx_word' id='word_1_170' title='bbox 998 1173 1178 1205; x_wconf 83' lang='lat' dir='ltr'>praesumat,</span> <span class='ocrx_word' id='word_1_171' title='bbox 1196 1170 1254 1195; x_wconf 71' lang='lat' dir='ltr'>nis‘i</span> <span class='ocrx_word' id='word_1_172' title='bbox 1275 1178 1328 1205; x_wconf 85' lang='lat' dir='ltr'>per</span> <span class='ocrx_word' id='word_1_173' title='bbox 1351 1170 1505 1204; x_wconf 79' lang='lat' dir='ltr'>magistros</span> <span class='ocrx_word' id='word_1_174' title='bbox 1528 1170 1702 1205; x_wconf 81' lang='lat' dir='ltr'>chirurgicos</span> <span class='ocrx_word' id='word_1_175' title='bbox 1720 1172 1837 1206; x_wconf 84' lang='lat' dir='ltr'>juratos</span> <span class='ocrx_word' id='word_1_176' title='bbox 1862 1176 2006 1198; x_wconf 87' lang='lat' dir='ltr'>morantes</span> <span class='ocrx_word' id='word_1_177' title='bbox 2030 1173 2164 1207; x_wconf 85' lang='lat' dir='ltr'>Parisiis,</span> 
     </span>
     <span class='ocr_line' id='line_1_14' title="bbox 384 1218 2167 1255; baseline 0.002 -11"><span class='ocrx_word' id='word_1_178' title='bbox 384 1222 496 1244; x_wconf 79' lang='lat' dir='ltr'>vocatos</span> <span class='ocrx_word' id='word_1_179' title='bbox 504 1227 557 1255; x_wconf 86' lang='lat' dir='ltr'>per</span> <span class='ocrx_word' id='word_1_180' title='bbox 572 1219 739 1253; x_wconf 80' lang='lat' dir='ltr'>magistrum</span> <span class='ocrx_word' id='word_1_181' title='bbox 750 1218 906 1244; x_wconf 85' lang='lat' dir='ltr'>Joliannem</span> <span class='ocrx_word' id='word_1_182' title='bbox 920 1218 1067 1244; x_wconf 68' lang='grc' dir='ltr'>Ρίεσανᾱί1</span> <span class='ocrx_word' id='word_1_183' title='bbox 1087 1218 1276 1252; x_wconf 77' lang='lat' dir='ltr'>chirurgicum</span> <span class='ocrx_word' id='word_1_184' title='bbox 1291 1219 1507 1253; x_wconf 85' lang='lat' dir='ltr'>suumjuratum</span> <span class='ocrx_word' id='word_1_185' title='bbox 1521 1219 1865 1254; x_wconf 78' lang='lat' dir='ltr'>CastelletiParisiensis,</span> <span class='ocrx_word' id='word_1_186' title='bbox 1878 1221 2062 1247; x_wconf 78' lang='lat' dir='ltr'>examinatus</span> <span class='ocrx_word' id='word_1_187' title='bbox 2077 1223 2167 1255; x_wconf 85' lang='lat' dir='ltr'>suerit</span> 
     </span>
     <span class='ocr_line' id='line_1_15' title="bbox 384 1267 2165 1304; baseline 0.002 -11"><span class='ocrx_word' id='word_1_188' title='bbox 384 1267 537 1302; x_wconf 80' lang='lat' dir='ltr'>diligenter</span> <span class='ocrx_word' id='word_1_189' title='bbox 556 1271 583 1293; x_wconf 86' lang='lat' dir='ltr'>et</span> <span class='ocrx_word' id='word_1_190' title='bbox 602 1267 639 1293; x_wconf 80' lang='lat' dir='ltr'>ab</span> <span class='ocrx_word' id='word_1_191' title='bbox 660 1268 722 1303; x_wconf 88' lang='lat' dir='ltr'>ipso</span> <span class='ocrx_word' id='word_1_192' title='bbox 739 1267 780 1293; x_wconf 71' lang='lat' dir='ltr'>vel</span> <span class='ocrx_word' id='word_1_193' title='bbox 795 1268 855 1303; x_wconf 85' lang='lat' dir='ltr'>ejus</span> <span class='ocrx_word' id='word_1_194' title='bbox 875 1267 1089 1292; x_wconf 83' lang='lat' dir='ltr'>successoribus</span> <span class='ocrx_word' id='word_1_195' title='bbox 1109 1268 1138 1292; x_wconf 87' lang='lat' dir='ltr'>in</span> <span class='ocrx_word' id='word_1_196' title='bbox 1158 1268 1224 1303; x_wconf 84' lang='lat' dir='ltr'>ipsa</span> <span class='ocrx_word' id='word_1_197' title='bbox 1240 1271 1302 1292; x_wconf 84' lang='lat' dir='ltr'>arte</span> <span class='ocrx_word' id='word_1_198' title='bbox 1318 1267 1499 1303; x_wconf 85' lang='lat' dir='ltr'>approbatus</span> <span class='ocrx_word' id='word_1_199' title='bbox 1515 1271 1542 1293; x_wconf 90' lang='lat' dir='ltr'>et</span> <span class='ocrx_word' id='word_1_200' title='bbox 1557 1269 1647 1303; x_wconf 70' lang='lat' dir='ltr'>juxta</span> <span class='ocrx_word' id='word_1_201' title='bbox 1662 1269 1899 1304; x_wconf 81' lang='lat' dir='ltr'>approbationem</span> <span class='ocrx_word' id='word_1_202' title='bbox 1914 1270 2037 1296; x_wconf 89' lang='lat' dir='ltr'>aliorum</span> <span class='ocrx_word' id='word_1_203' title='bbox 2054 1270 2165 1296; x_wconf 77' lang='lat' dir='ltr'>chirur-</span> 
     </span>
     <span class='ocr_line' id='line_1_16' title="bbox 382 1315 2165 1353; baseline 0.002 -12"><span class='ocrx_word' id='word_1_204' title='bbox 382 1316 508 1350; x_wconf 81' lang='lat' dir='ltr'>gicorum</span> <span class='ocrx_word' id='word_1_205' title='bbox 530 1316 572 1342; x_wconf 74' lang='lat' dir='ltr'>vel</span> <span class='ocrx_word' id='word_1_206' title='bbox 590 1317 708 1351; x_wconf 88' lang='lat' dir='ltr'>majoris</span> <span class='ocrx_word' id='word_1_207' title='bbox 726 1315 821 1352; x_wconf 84' lang='lat' dir='ltr'>partis</span> <span class='ocrx_word' id='word_1_208' title='bbox 844 1316 979 1351; x_wconf 76' lang='lat' dir='ltr'>ipsorum,</span> <span class='ocrx_word' id='word_1_209' title='bbox 999 1316 1110 1341; x_wconf 79' lang='lat' dir='ltr'>vocibus</span> <span class='ocrx_word' id='word_1_210' title='bbox 1130 1316 1298 1349; x_wconf 81' lang='lat' dir='ltr'>numeratis,</span> <span class='ocrx_word' id='word_1_211' title='bbox 1318 1316 1463 1341; x_wconf 87' lang='lat' dir='ltr'>licentiam</span> <span class='ocrx_word' id='word_1_212' title='bbox 1480 1316 1622 1351; x_wconf 84' lang='lat' dir='ltr'>operandi</span> <span class='ocrx_word' id='word_1_213' title='bbox 1641 1317 1670 1342; x_wconf 89' lang='lat' dir='ltr'>in</span> <span class='ocrx_word' id='word_1_214' title='bbox 1685 1321 1748 1343; x_wconf 89' lang='lat' dir='ltr'>arte</span> <span class='ocrx_word' id='word_1_215' title='bbox 1766 1318 1920 1353; x_wconf 83' lang='lat' dir='ltr'>praedicta</span> <span class='ocrx_word' id='word_1_216' title='bbox 1937 1319 2072 1344; x_wconf 80' lang='lat' dir='ltr'>meruerit</span> <span class='ocrx_word' id='word_1_217' title='bbox 2091 1319 2165 1345; x_wconf 80' lang='lat' dir='ltr'>obti-</span> 
     </span>
     <span class='ocr_line' id='line_1_17' title="bbox 383 1364 2165 1400; baseline 0.002 -9"><span class='ocrx_word' id='word_1_218' title='bbox 383 1374 457 1391; x_wconf 86' lang='lat' dir='ltr'>nere.</span> <span class='ocrx_word' id='word_1_219' title='bbox 475 1365 646 1390; x_wconf 77' lang='lat' dir='ltr'>Examinati</span> <span class='ocrx_word' id='word_1_220' title='bbox 661 1368 688 1390; x_wconf 88' lang='lat' dir='ltr'>et</span> <span class='ocrx_word' id='word_1_221' title='bbox 703 1364 859 1400; x_wconf 82' lang='lat' dir='ltr'>approbati</span> <span class='ocrx_word' id='word_1_222' title='bbox 867 1365 1062 1399; x_wconf 81' lang='lat' dir='ltr'>juramentum</span> <span class='ocrx_word' id='word_1_223' title='bbox 1076 1373 1171 1390; x_wconf 90' lang='lat' dir='ltr'>coram</span> <span class='ocrx_word' id='word_1_224' title='bbox 1183 1364 1371 1400; x_wconf 78' lang='lat' dir='ltr'>praeposito²</span> <span class='ocrx_word' id='word_1_225' title='bbox 1382 1365 1576 1400; x_wconf 80' lang='lat' dir='ltr'>praestabunt</span> <span class='ocrx_word' id='word_1_226' title='bbox 1592 1365 1668 1400; x_wconf 83' lang='lat' dir='ltr'>quod</span> <span class='ocrx_word' id='word_1_227' title='bbox 1684 1365 1859 1392; x_wconf 70' lang='lat' dir='ltr'>vulneratum</span> <span class='ocrx_word' id='word_1_228' title='bbox 1874 1376 1929 1393; x_wconf 91' lang='lat' dir='ltr'>non</span> <span class='ocrx_word' id='word_1_229' title='bbox 1946 1368 2101 1394; x_wconf 79' lang='lat' dir='ltr'>visitabunt</span> <span class='ocrx_word' id='word_1_230' title='bbox 2115 1377 2165 1394; x_wconf 82' lang='lat' dir='ltr'>seu</span> 
     </span>
     <span class='ocr_line' id='line_1_18' title="bbox 381 1412 2059 1450; baseline 0.003 -12"><span class='ocrx_word' id='word_1_231' title='bbox 381 1413 530 1449; x_wconf 80' lang='lat' dir='ltr'>parabunt</span> <span class='ocrx_word' id='word_1_232' title='bbox 542 1413 570 1439; x_wconf 85' lang='lat' dir='ltr'>in</span> <span class='ocrx_word' id='word_1_233' title='bbox 587 1413 657 1438; x_wconf 83' lang='lat' dir='ltr'>locis</span> <span class='ocrx_word' id='word_1_234' title='bbox 667 1413 761 1438; x_wconf 87' lang='lat' dir='ltr'>sacris</span> <span class='ocrx_word' id='word_1_235' title='bbox 777 1412 818 1438; x_wconf 73' lang='lat' dir='ltr'>vel</span> <span class='ocrx_word' id='word_1_236' title='bbox 829 1413 1023 1448; x_wconf 69' lang='lat' dir='ltr'>privilegiatis</span> <span class='ocrx_word' id='word_1_237' title='bbox 1038 1413 1095 1439; x_wconf 86' lang='lat' dir='ltr'>nisi</span> <span class='ocrx_word' id='word_1_238' title='bbox 1106 1414 1203 1449; x_wconf 87' lang='lat' dir='ltr'>prima</span> <span class='ocrx_word' id='word_1_239' title='bbox 1217 1413 1282 1446; x_wconf 74' lang='lat' dir='ltr'>vice,</span> <span class='ocrx_word' id='word_1_240' title='bbox 1296 1413 1453 1448; x_wconf 85' lang='lat' dir='ltr'>statimque</span> <span class='ocrx_word' id='word_1_241' title='bbox 1468 1413 1689 1440; x_wconf 73' lang='lat' dir='ltr'>vulnerationem</span> <span class='ocrx_word' id='word_1_242' title='bbox 1701 1416 1870 1450; x_wconf 80' lang='lat' dir='ltr'>praeposito</span> <span class='ocrx_word' id='word_1_243' title='bbox 1887 1416 2059 1443; x_wconf 71' lang='lat' dir='ltr'>revelabunt.</span> 
     </span>
    </p>
   </div>
   <div class='ocr_carea' id='block_1_7' title="bbox 1432 1502 1878 1532">
    <p class='ocr_par' dir='ltr' id='par_1_7' title="bbox 1432 1502 1878 1532">
     <span class='ocr_line' id='line_1_19' title="bbox 1432 1502 1878 1532; baseline 0.004 -5"><span class='ocrx_word' id='word_1_244' title='bbox 1432 1502 1495 1531; x_wconf 85' lang='grc'><strong>1311,</strong></span> <span class='ocrx_word' id='word_1_245' title='bbox 1511 1510 1599 1528; x_wconf 82' lang='lat' dir='ltr'>mense</span> <span class='ocrx_word' id='word_1_246' title='bbox 1614 1503 1750 1532; x_wconf 73' lang='lat' dir='ltr'>Novembri,</span> <span class='ocrx_word' id='word_1_247' title='bbox 1765 1504 1878 1529; x_wconf 58' lang='lat' dir='ltr'>Pari-siis.</span> 
     </span>
    </p>
   </div>
   <div class='ocr_carea' id='block_1_8' title="bbox 288 1588 2164 1710">
    <p class='ocr_par' dir='ltr' id='par_1_8' title="bbox 288 1588 2164 1710">
     <span class='ocr_line' id='line_1_20' title="bbox 382 1588 2162 1624; baseline 0.003 -12"><span class='ocrx_word' id='word_1_248' title='bbox 382 1590 457 1613; x_wconf 78' lang='lat' dir='ltr'>Arch.</span> <span class='ocrx_word' id='word_1_249' title='bbox 470 1593 524 1613; x_wconf 80' lang='lat' dir='ltr'>nat.</span> <span class='ocrx_word' id='word_1_250' title='bbox 540 1590 624 1614; x_wconf 86' lang='lat' dir='ltr'>Paris.</span> <span class='ocrx_word' id='word_1_251' title='bbox 639 1591 678 1614; x_wconf 87' lang='lat' dir='ltr'>JJ.</span> <span class='ocrx_word' id='word_1_252' title='bbox 695 1591 726 1613; x_wconf 79' lang='lat'>46</span> <span class='ocrx_word' id='word_1_253' title='bbox 741 1591 813 1622; x_wconf 79' lang='lat' dir='ltr'>(Reg.</span> <span class='ocrx_word' id='word_1_254' title='bbox 830 1590 946 1621; x_wconf 87' lang='lat' dir='ltr'>Philippi</span> <span class='ocrx_word' id='word_1_255' title='bbox 960 1590 1011 1619; x_wconf 70' lang='lat' dir='ltr'>tv),</span> <span class='ocrx_word' id='word_1_256' title='bbox 1027 1590 1071 1613; x_wconf 82' lang='lat' dir='ltr'>sol.</span> <span class='ocrx_word' id='word_1_257' title='bbox 1088 1590 1130 1617; x_wconf 74' lang='lat'>20;</span> <span class='ocrx_word' id='word_1_258' title='bbox 1148 1589 1177 1612; x_wconf 83' lang='lat' dir='ltr'>N.</span> <span class='ocrx_word' id='word_1_259' title='bbox 1195 1589 1208 1611; x_wconf 81' lang='lat'>2</span> <span class='ocrx_word' id='word_1_260' title='bbox 1223 1588 1308 1616; x_wconf 85' lang='lat' dir='ltr'>(Livre</span> <span class='ocrx_word' id='word_1_261' title='bbox 1323 1596 1405 1619; x_wconf 80' lang='lat' dir='ltr'>rouge</span> <span class='ocrx_word' id='word_1_262' title='bbox 1420 1589 1471 1611; x_wconf 70' lang='lat' dir='ltr'>viel</span> <span class='ocrx_word' id='word_1_263' title='bbox 1487 1589 1522 1611; x_wconf 88' lang='lat' dir='ltr'>du</span> <span class='ocrx_word' id='word_1_264' title='bbox 1536 1589 1697 1618; x_wconf 82' lang='lat' dir='ltr'>Chastellet),</span> <span class='ocrx_word' id='word_1_265' title='bbox 1710 1591 1754 1614; x_wconf 84' lang='lat' dir='ltr'>sol.</span> <span class='ocrx_word' id='word_1_266' title='bbox 1770 1592 1798 1614; x_wconf 86' lang='lat'>35</span> <span class='ocrx_word' id='word_1_267' title='bbox 1806 1591 1825 1614; x_wconf 77' lang='lat' dir='ltr'>b.</span> <span class='ocrx_word' id='word_1_268' title='bbox 1837 1605 1868 1609; x_wconf 96' lang='lat'>—</span> <span class='ocrx_word' id='word_1_269' title='bbox 1881 1592 2005 1617; x_wconf 74' lang='lat' dir='ltr'>Ordonn.</span> <span class='ocrx_word' id='word_1_270' title='bbox 2019 1594 2066 1617; x_wconf 81' lang='lat' dir='ltr'>cles</span> <span class='ocrx_word' id='word_1_271' title='bbox 2078 1593 2162 1624; x_wconf 58' lang='lat' dir='ltr'>Rom,</span> 
     </span>
     <span class='ocr_line' id='line_1_21' title="bbox 289 1633 2164 1665; baseline 0.003 -9"><span class='ocrx_word' id='word_1_272' title='bbox 289 1634 330 1662; x_wconf 85' lang='lat' dir='ltr'>XI,</span> <span class='ocrx_word' id='word_1_273' title='bbox 347 1634 402 1662; x_wconf 75' lang='lat'>425,</span> <span class='ocrx_word' id='word_1_274' title='bbox 417 1637 442 1657; x_wconf 86' lang='lat' dir='ltr'>et</span> <span class='ocrx_word' id='word_1_275' title='bbox 455 1634 473 1662; x_wconf 84' lang='grc' dir='ltr'>Ι,</span> <span class='ocrx_word' id='word_1_276' title='bbox 491 1635 547 1657; x_wconf 77' lang='lat'>490.</span> <span class='ocrx_word' id='word_1_277' title='bbox 561 1634 657 1657; x_wconf 81' lang='lat' dir='ltr'>Textus</span> <span class='ocrx_word' id='word_1_278' title='bbox 674 1634 776 1665; x_wconf 78' lang='lat' dir='ltr'>integer</span> <span class='ocrx_word' id='word_1_279' title='bbox 792 1634 855 1657; x_wconf 89' lang='lat' dir='ltr'>ibid.</span> <span class='ocrx_word' id='word_1_280' title='bbox 872 1635 905 1662; x_wconf 87' lang='lat'>11,</span> <span class='ocrx_word' id='word_1_281' title='bbox 919 1635 975 1662; x_wconf 71' lang='lat'>496,</span> <span class='ocrx_word' id='word_1_282' title='bbox 991 1633 1077 1656; x_wconf 85' lang='lat' dir='ltr'>editur</span> <span class='ocrx_word' id='word_1_283' title='bbox 1091 1633 1123 1656; x_wconf 75' lang='lat' dir='ltr'>ud</span> <span class='ocrx_word' id='word_1_284' title='bbox 1139 1641 1180 1657; x_wconf 83' lang='lat' dir='ltr'>un.</span> <span class='ocrx_word' id='word_1_285' title='bbox 1199 1633 1269 1661; x_wconf 72' lang='lat'><strong>1352,</strong></span> <span class='ocrx_word' id='word_1_286' title='bbox 1282 1640 1364 1655; x_wconf 87' lang='lat' dir='ltr'>mens.</span> <span class='ocrx_word' id='word_1_287' title='bbox 1382 1633 1476 1663; x_wconf 79' lang='lat' dir='ltr'>April.‚</span> <span class='ocrx_word' id='word_1_288' title='bbox 1492 1641 1551 1656; x_wconf 89' lang='lat' dir='ltr'>cum</span> <span class='ocrx_word' id='word_1_289' title='bbox 1566 1634 1716 1657; x_wconf 80' lang='lat' dir='ltr'>nominibus</span> <span class='ocrx_word' id='word_1_290' title='bbox 1731 1635 1800 1658; x_wconf 81' lang='lat' dir='ltr'>Petri</span> <span class='ocrx_word' id='word_1_291' title='bbox 1817 1636 1957 1659; x_wconf 86' lang='lat' dir='ltr'>Fromoudi</span> <span class='ocrx_word' id='word_1_292' title='bbox 1973 1640 1998 1659; x_wconf 79' lang='lat' dir='ltr'>et</span> <span class='ocrx_word' id='word_1_293' title='bbox 2011 1637 2117 1660; x_wconf 83' lang='lat' dir='ltr'>Roberti</span> <span class='ocrx_word' id='word_1_294' title='bbox 2133 1638 2164 1661; x_wconf 88' lang='lat' dir='ltr'>de</span> 
     </span>
     <span class='ocr_line' id='line_1_22' title="bbox 288 1677 2162 1710; baseline 0.003 -10"><span class='ocrx_word' id='word_1_295' title='bbox 288 1677 412 1709; x_wconf 85' lang='lat' dir='ltr'>Lingonis</span> <span class='ocrx_word' id='word_1_296' title='bbox 428 1678 622 1709; x_wconf 84' lang='lat' dir='ltr'>chirurgorum,</span> <span class='ocrx_word' id='word_1_297' title='bbox 639 1687 706 1710; x_wconf 77' lang='lat' dir='ltr'>quae</span> <span class='ocrx_word' id='word_1_298' title='bbox 721 1678 747 1701; x_wconf 91' lang='lat' dir='ltr'>in</span> <span class='ocrx_word' id='word_1_299' title='bbox 762 1679 878 1703; x_wconf 82' lang='lat' dir='ltr'>Recueil</span> <span class='ocrx_word' id='word_1_300' title='bbox 891 1678 1007 1709; x_wconf 73' lang='lat' dir='ltr'>ye&#39;ne&#39;ral</span> <span class='ocrx_word' id='word_1_301' title='bbox 1025 1679 1071 1702; x_wconf 81' lang='lat' dir='ltr'>des</span> <span class='ocrx_word' id='word_1_302' title='bbox 1086 1678 1238 1701; x_wconf 78' lang='lat' dir='ltr'>anciennes</span> <span class='ocrx_word' id='word_1_303' title='bbox 1254 1677 1303 1701; x_wconf 82' lang='lat' dir='ltr'>lois</span> <span class='ocrx_word' id='word_1_304' title='bbox 1321 1677 1488 1706; x_wconf 69' lang='lat' dir='ltr'>francaises,</span> <span class='ocrx_word' id='word_1_305' title='bbox 1506 1678 1550 1706; x_wconf 83' lang='lat'>111,</span> <span class='ocrx_word' id='word_1_306' title='bbox 1571 1678 1607 1706; x_wconf 82' lang='lat'>16,</span> <span class='ocrx_word' id='word_1_307' title='bbox 1628 1687 1769 1710; x_wconf 82' lang='lat' dir='ltr'>perperam</span> <span class='ocrx_word' id='word_1_308' title='bbox 1792 1680 1817 1702; x_wconf 88' lang='lat' dir='ltr'>in</span> <span class='ocrx_word' id='word_1_309' title='bbox 1838 1680 1993 1703; x_wconf 85' lang='lat' dir='ltr'>documento</span> <span class='ocrx_word' id='word_1_310' title='bbox 2017 1682 2078 1704; x_wconf 86' lang='lat' dir='ltr'>anni</span> <span class='ocrx_word' id='word_1_311' title='bbox 2105 1682 2162 1705; x_wconf 79' lang='lat'>1311</span> 
     </span>
    </p>
   </div>
   <div class='ocr_carea' id='block_1_9' title="bbox 293 1722 1667 1754">
    <p class='ocr_par' dir='ltr' id='par_1_9' title="bbox 293 1722 1667 1754">
     <span class='ocr_line' id='line_1_23' title="bbox 293 1722 1667 1754; baseline 0.001 -9"><span class='ocrx_word' id='word_1_312' title='bbox 293 1722 447 1746; x_wconf 81' lang='lat' dir='ltr'>afferuntur.</span> <span class='ocrx_word' id='word_1_313' title='bbox 461 1736 491 1740; x_wconf 97' lang='lat'>—-</span> <span class='ocrx_word' id='word_1_314' title='bbox 506 1723 554 1746; x_wconf 77' lang='lat' dir='ltr'>vix</span> <span class='ocrx_word' id='word_1_315' title='bbox 568 1723 679 1746; x_wconf 81' lang='lat' dir='ltr'>dubium</span> <span class='ocrx_word' id='word_1_316' title='bbox 694 1723 758 1754; x_wconf 88' lang='lat' dir='ltr'>quin</span> <span class='ocrx_word' id='word_1_317' title='bbox 771 1723 819 1746; x_wconf 88' lang='lat' dir='ltr'>hoc</span> <span class='ocrx_word' id='word_1_318' title='bbox 835 1724 1020 1746; x_wconf 82' lang='lat' dir='ltr'>documentum</span> <span class='ocrx_word' id='word_1_319' title='bbox 1035 1731 1094 1745; x_wconf 83' lang='lat' dir='ltr'>cum</span> <span class='ocrx_word' id='word_1_320' title='bbox 1111 1722 1281 1753; x_wconf 81' lang='lat' dir='ltr'>sequentibus</span> <span class='ocrx_word' id='word_1_321' title='bbox 1298 1722 1411 1752; x_wconf 85' lang='lat' dir='ltr'>quodam</span> <span class='ocrx_word' id='word_1_322' title='bbox 1428 1722 1504 1745; x_wconf 87' lang='lat' dir='ltr'>modo</span> <span class='ocrx_word' id='word_1_323' title='bbox 1520 1722 1667 1746; x_wconf 76' lang='lat' dir='ltr'>cohaereat.</span> 
     </span>
    </p>
   </div>
   <div class='ocr_carea' id='block_1_10' title="bbox 287 1806 2164 2105">
    <p class='ocr_par' dir='ltr' id='par_1_10' title="bbox 287 1806 2164 2105">
     <span class='ocr_line' id='line_1_24' title="bbox 382 1806 2164 1840; baseline 0.002 -11"><span class='ocrx_word' id='word_1_324' title='bbox 382 1806 404 1829; x_wconf 88' lang='lat'>1.</span> <span class='ocrx_word' id='word_1_325' title='bbox 421 1806 463 1829; x_wconf 83' lang='lat' dir='ltr'>Sic</span> <span class='ocrx_word' id='word_1_326' title='bbox 478 1806 505 1829; x_wconf 89' lang='lat' dir='ltr'>in</span> <span class='ocrx_word' id='word_1_327' title='bbox 520 1807 583 1838; x_wconf 81' lang='lat' dir='ltr'>Reg.</span> <span class='ocrx_word' id='word_1_328' title='bbox 600 1807 652 1836; x_wconf 83' lang='lat' dir='ltr'>JJ.,</span> <span class='ocrx_word' id='word_1_329' title='bbox 668 1806 713 1829; x_wconf 89' lang='lat' dir='ltr'>ubi</span> <span class='ocrx_word' id='word_1_330' title='bbox 729 1807 835 1830; x_wconf 82' lang='lat' dir='ltr'>rubrica</span> <span class='ocrx_word' id='word_1_331' title='bbox 850 1815 855 1829; x_wconf 92' lang='grc'>·.</span> <span class='ocrx_word' id='word_1_332' title='bbox 872 1815 882 1829; x_wconf 84' lang='lat'>(‹</span> <span class='ocrx_word' id='word_1_333' title='bbox 896 1806 993 1830; x_wconf 84' lang='lat' dir='ltr'>Littera</span> <span class='ocrx_word' id='word_1_334' title='bbox 1004 1806 1074 1837; x_wconf 80' lang='lat' dir='ltr'>regis</span> <span class='ocrx_word' id='word_1_335' title='bbox 1091 1806 1159 1837; x_wconf 85' lang='lat' dir='ltr'>quod</span> <span class='ocrx_word' id='word_1_336' title='bbox 1171 1806 1260 1828; x_wconf 87' lang='lat' dir='ltr'>nullus</span> <span class='ocrx_word' id='word_1_337' title='bbox 1273 1806 1429 1837; x_wconf 67' lang='lat' dir='ltr'>cyrurgicus</span> <span class='ocrx_word' id='word_1_338' title='bbox 1445 1809 1528 1829; x_wconf 82' lang='lat' dir='ltr'>artem</span> <span class='ocrx_word' id='word_1_339' title='bbox 1539 1807 1676 1838; x_wconf 67' lang='lat' dir='ltr'>cyrurgiee</span> <span class='ocrx_word' id='word_1_340' title='bbox 1693 1807 1810 1830; x_wconf 77' lang='lat' dir='ltr'>parisius</span> <span class='ocrx_word' id='word_1_341' title='bbox 1826 1816 1945 1831; x_wconf 80' lang='lat' dir='ltr'>exercere</span> <span class='ocrx_word' id='word_1_342' title='bbox 1962 1817 2012 1831; x_wconf 88' lang='lat' dir='ltr'>nou</span> <span class='ocrx_word' id='word_1_343' title='bbox 2027 1813 2164 1840; x_wconf 78' lang='lat' dir='ltr'>presumat</span> 
     </span>
     <span class='ocr_line' id='line_1_25' title="bbox 288 1850 2163 1884; baseline 0.002 -11"><span class='ocrx_word' id='word_1_344' title='bbox 288 1850 339 1873; x_wconf 82' lang='lat' dir='ltr'>uisi</span> <span class='ocrx_word' id='word_1_345' title='bbox 354 1850 430 1882; x_wconf 86' lang='lat' dir='ltr'>prius</span> <span class='ocrx_word' id='word_1_346' title='bbox 450 1858 497 1882; x_wconf 84' lang='lat' dir='ltr'>per</span> <span class='ocrx_word' id='word_1_347' title='bbox 512 1859 582 1882; x_wconf 81' lang='lat' dir='ltr'>mag.</span> <span class='ocrx_word' id='word_1_348' title='bbox 599 1851 623 1874; x_wconf 84' lang='lat' dir='ltr'>J.</span> <span class='ocrx_word' id='word_1_349' title='bbox 640 1851 758 1874; x_wconf 78' lang='lat' dir='ltr'>Piccardi</span> <span class='ocrx_word' id='word_1_350' title='bbox 774 1851 937 1874; x_wconf 82' lang='lat' dir='ltr'>examinatus</span> <span class='ocrx_word' id='word_1_351' title='bbox 954 1851 1032 1874; x_wconf 88' lang='lat' dir='ltr'>suerit</span> <span class='ocrx_word' id='word_1_352' title='bbox 1052 1850 1193 1881; x_wconf 84' lang='lat' dir='ltr'>diligenter</span> <span class='ocrx_word' id='word_1_353' title='bbox 1209 1857 1230 1873; x_wconf 86' lang='lat'>›&gt;.</span> <span class='ocrx_word' id='word_1_354' title='bbox 1254 1851 1282 1873; x_wconf 89' lang='lat' dir='ltr'>In</span> <span class='ocrx_word' id='word_1_355' title='bbox 1298 1853 1369 1873; x_wconf 86' lang='lat' dir='ltr'>textu</span> <span class='ocrx_word' id='word_1_356' title='bbox 1389 1851 1477 1881; x_wconf 90' lang='lat' dir='ltr'>potius</span> <span class='ocrx_word' id='word_1_357' title='bbox 1495 1859 1506 1873; x_wconf 70' lang='lat' dir='ltr'>(t</span> <span class='ocrx_word' id='word_1_358' title='bbox 1527 1851 1627 1874; x_wconf 84' lang='lat' dir='ltr'>Pitardi</span> <span class='ocrx_word' id='word_1_359' title='bbox 1644 1860 1666 1879; x_wconf 66' lang='grc' dir='ltr'>ι),</span> <span class='ocrx_word' id='word_1_360' title='bbox 1684 1855 1712 1875; x_wconf 84' lang='lat' dir='ltr'>ut</span> <span class='ocrx_word' id='word_1_361' title='bbox 1726 1852 1900 1875; x_wconf 81' lang='lat' dir='ltr'>communiter</span> <span class='ocrx_word' id='word_1_362' title='bbox 1920 1853 2025 1884; x_wconf 81' lang='lat' dir='ltr'>legitur.</span> <span class='ocrx_word' id='word_1_363' title='bbox 2043 1854 2071 1876; x_wconf 89' lang='lat' dir='ltr'>lu</span> <span class='ocrx_word' id='word_1_364' title='bbox 2088 1854 2163 1877; x_wconf 85' lang='lat' dir='ltr'>Livre</span> 
     </span>
     <span class='ocr_line' id='line_1_26' title="bbox 288 1894 2164 1927; baseline 0.002 -10"><span class='ocrx_word' id='word_1_365' title='bbox 288 1902 369 1926; x_wconf 83' lang='lat' dir='ltr'>rouge</span> <span class='ocrx_word' id='word_1_366' title='bbox 384 1895 482 1926; x_wconf 87' lang='lat' dir='ltr'>legitur</span> <span class='ocrx_word' id='word_1_367' title='bbox 498 1903 510 1918; x_wconf 87' lang='lat'>«</span> <span class='ocrx_word' id='word_1_368' title='bbox 525 1894 630 1918; x_wconf 79' lang='lat' dir='ltr'>Picardi</span> <span class='ocrx_word' id='word_1_369' title='bbox 647 1903 669 1918; x_wconf 90' lang='lat'>».</span> <span class='ocrx_word' id='word_1_370' title='bbox 691 1895 725 1918; x_wconf 88' lang='lat' dir='ltr'>De</span> <span class='ocrx_word' id='word_1_371' title='bbox 745 1896 794 1918; x_wconf 76' lang='lat' dir='ltr'>hoc</span> <span class='ocrx_word' id='word_1_372' title='bbox 814 1895 910 1919; x_wconf 84' lang='lat' dir='ltr'>celebri</span> <span class='ocrx_word' id='word_1_373' title='bbox 930 1895 1089 1926; x_wconf 82' lang='lat' dir='ltr'>chirurgico,</span> <span class='ocrx_word' id='word_1_374' title='bbox 1110 1894 1154 1926; x_wconf 84' lang='lat' dir='ltr'>qui</span> <span class='ocrx_word' id='word_1_375' title='bbox 1175 1903 1226 1917; x_wconf 91' lang='lat' dir='ltr'>non</span> <span class='ocrx_word' id='word_1_376' title='bbox 1243 1898 1362 1918; x_wconf 83' lang='lat' dir='ltr'>mortuus</span> <span class='ocrx_word' id='word_1_377' title='bbox 1378 1898 1426 1924; x_wconf 72' lang='lat' dir='ltr'>est,</span> <span class='ocrx_word' id='word_1_378' title='bbox 1442 1898 1470 1918; x_wconf 89' lang='lat' dir='ltr'>ut</span> <span class='ocrx_word' id='word_1_379' title='bbox 1487 1896 1567 1926; x_wconf 80' lang='lat' dir='ltr'>vulgo</span> <span class='ocrx_word' id='word_1_380' title='bbox 1586 1899 1689 1927; x_wconf 72' lang='lat' dir='ltr'>putant,</span> <span class='ocrx_word' id='word_1_381' title='bbox 1707 1905 1749 1919; x_wconf 77' lang='lat' dir='ltr'>an.</span> <span class='ocrx_word' id='word_1_382' title='bbox 1767 1897 1837 1925; x_wconf 85' lang='lat'><strong>1315,</strong></span> <span class='ocrx_word' id='word_1_383' title='bbox 1859 1905 1918 1919; x_wconf 90' lang='lat' dir='ltr'>cum</span> <span class='ocrx_word' id='word_1_384' title='bbox 1938 1897 2024 1920; x_wconf 85' lang='lat' dir='ltr'>adhuc</span> <span class='ocrx_word' id='word_1_385' title='bbox 2039 1906 2080 1921; x_wconf 80' lang='lat' dir='ltr'>an.</span> <span class='ocrx_word' id='word_1_386' title='bbox 2103 1898 2164 1921; x_wconf 78' lang='lat'>1326</span> 
     </span>
     <span class='ocr_line' id='line_1_27' title="bbox 287 1938 2162 1973; baseline 0.002 -11"><span class='ocrx_word' id='word_1_387' title='bbox 287 1938 390 1968; x_wconf 83' lang='lat' dir='ltr'>vixerit,</span> <span class='ocrx_word' id='word_1_388' title='bbox 409 1939 462 1962; x_wconf 88' lang='lat' dir='ltr'>vid.</span> <span class='ocrx_word' id='word_1_389' title='bbox 481 1939 543 1963; x_wconf 78' lang='lat' dir='ltr'>Ach.</span> <span class='ocrx_word' id='word_1_390' title='bbox 563 1939 690 1971; x_wconf 73' lang='lat' dir='ltr'>Chereau,</span> <span class='ocrx_word' id='word_1_391' title='bbox 706 1940 797 1965; x_wconf 75' lang='lat' dir='ltr'>Henri</span> <span class='ocrx_word' id='word_1_392' title='bbox 816 1941 848 1963; x_wconf 81' lang='lat' dir='ltr'>de</span> <span class='ocrx_word' id='word_1_393' title='bbox 868 1940 1039 1964; x_wconf 79' lang='lat' dir='ltr'>Mondeville</span> <span class='ocrx_word' id='word_1_394' title='bbox 1061 1939 1154 1971; x_wconf 77' lang='lat' dir='ltr'>(Paris,</span> <span class='ocrx_word' id='word_1_395' title='bbox 1171 1939 1252 1968; x_wconf 74' lang='lat'><strong>1862),</strong></span> <span class='ocrx_word' id='word_1_396' title='bbox 1271 1947 1298 1969; x_wconf 85' lang='lat' dir='ltr'>p.</span> <span class='ocrx_word' id='word_1_397' title='bbox 1313 1939 1328 1961; x_wconf 82' lang='lat'>9</span> <span class='ocrx_word' id='word_1_398' title='bbox 1347 1947 1404 1970; x_wconf 87' lang='lat' dir='ltr'>sqq.</span> <span class='ocrx_word' id='word_1_399' title='bbox 1425 1939 1485 1962; x_wconf 88' lang='lat' dir='ltr'>Fuit</span> <span class='ocrx_word' id='word_1_400' title='bbox 1502 1939 1628 1970; x_wconf 79' lang='lat' dir='ltr'>magister</span> <span class='ocrx_word' id='word_1_401' title='bbox 1644 1940 1750 1963; x_wconf 77' lang='lat' dir='ltr'>Hem-ici</span> <span class='ocrx_word' id='word_1_402' title='bbox 1775 1941 1805 1964; x_wconf 84' lang='lat' dir='ltr'>de</span> <span class='ocrx_word' id='word_1_403' title='bbox 1822 1942 1987 1972; x_wconf 59' lang='lat' dir='ltr'>Moudevilffl,</span> <span class='ocrx_word' id='word_1_404' title='bbox 2003 1943 2162 1973; x_wconf 77' lang='lat' dir='ltr'>professoris</span> 
     </span>
     <span class='ocr_line' id='line_1_28' title="bbox 288 1982 2163 2018; baseline 0.002 -12"><span class='ocrx_word' id='word_1_405' title='bbox 288 1983 437 2014; x_wconf 80' lang='lat' dir='ltr'>chirurgiae</span> <span class='ocrx_word' id='word_1_406' title='bbox 453 1983 562 2006; x_wconf 83' lang='lat' dir='ltr'>Parisiis</span> <span class='ocrx_word' id='word_1_407' title='bbox 579 1992 646 2007; x_wconf 81' lang='lat' dir='ltr'>saec.</span> <span class='ocrx_word' id='word_1_408' title='bbox 664 1991 708 2007; x_wconf 77' lang='lat' dir='ltr'>X1v</span> <span class='ocrx_word' id='word_1_409' title='bbox 729 1984 842 2007; x_wconf 87' lang='lat' dir='ltr'>ineunte.</span> <span class='ocrx_word' id='word_1_410' title='bbox 862 1982 900 2008; x_wconf 78' lang='lat' dir='ltr'>Cf.</span> <span class='ocrx_word' id='word_1_411' title='bbox 922 1992 1003 2015; x_wconf 83' lang='lat' dir='ltr'>supra</span> <span class='ocrx_word' id='word_1_412' title='bbox 1021 1988 1050 2006; x_wconf 82' lang='lat' dir='ltr'>no</span> <span class='ocrx_word' id='word_1_413' title='bbox 1065 1985 1119 2011; x_wconf 78' lang='lat'>650,</span> <span class='ocrx_word' id='word_1_414' title='bbox 1136 1986 1200 2011; x_wconf 65' lang='lat' dir='ltr'>not„</span> <span class='ocrx_word' id='word_1_415' title='bbox 1215 1986 1240 2006; x_wconf 88' lang='lat' dir='ltr'>et</span> <span class='ocrx_word' id='word_1_416' title='bbox 1255 1983 1381 2011; x_wconf 72' lang='lat' dir='ltr'>Chereau,</span> <span class='ocrx_word' id='word_1_417' title='bbox 1397 1991 1424 2014; x_wconf 88' lang='lat' dir='ltr'>p.</span> <span class='ocrx_word' id='word_1_418' title='bbox 1442 1984 1480 2012; x_wconf 84' lang='lat'>80,</span> <span class='ocrx_word' id='word_1_419' title='bbox 1496 1984 1534 2014; x_wconf 75' lang='lat'>82,</span> <span class='ocrx_word' id='word_1_420' title='bbox 1556 1985 1595 2008; x_wconf 88' lang='lat'>88.</span> <span class='ocrx_word' id='word_1_421' title='bbox 1613 1997 1644 2002; x_wconf 89' lang='lat'>—</span> <span class='ocrx_word' id='word_1_422' title='bbox 1662 1985 1684 2007; x_wconf 74' lang='lat'>2.</span> <span class='ocrx_word' id='word_1_423' title='bbox 1701 1985 1729 2007; x_wconf 89' lang='lat' dir='ltr'>In</span> <span class='ocrx_word' id='word_1_424' title='bbox 1743 1985 1825 2009; x_wconf 78' lang='lat' dir='ltr'>Livre</span> <span class='ocrx_word' id='word_1_425' title='bbox 1841 1987 1887 2010; x_wconf 79' lang='lat' dir='ltr'>des</span> <span class='ocrx_word' id='word_1_426' title='bbox 1900 1986 2015 2011; x_wconf 72' lang='lat' dir='ltr'>Me&#39;tiers</span> <span class='ocrx_word' id='word_1_427' title='bbox 2037 1987 2163 2018; x_wconf 80' lang='lat' dir='ltr'>Stephani</span> 
     </span>
     <span class='ocr_line' id='line_1_29' title="bbox 290 2027 2162 2061; baseline 0.003 -11"><span class='ocrx_word' id='word_1_428' title='bbox 290 2027 397 2051; x_wconf 79' lang='lat' dir='ltr'>Boileau</span> <span class='ocrx_word' id='word_1_429' title='bbox 414 2028 468 2059; x_wconf 86' lang='lat' dir='ltr'>jam</span> <span class='ocrx_word' id='word_1_430' title='bbox 488 2028 612 2059; x_wconf 86' lang='lat' dir='ltr'>leguntur</span> <span class='ocrx_word' id='word_1_431' title='bbox 633 2029 736 2052; x_wconf 80' lang='lat' dir='ltr'>statuta</span> <span class='ocrx_word' id='word_1_432' title='bbox 751 2028 897 2060; x_wconf 76' lang='lat' dir='ltr'>praepositi</span> <span class='ocrx_word' id='word_1_433' title='bbox 912 2028 1070 2052; x_wconf 78' lang='lat' dir='ltr'>parisiensis</span> <span class='ocrx_word' id='word_1_434' title='bbox 1085 2036 1134 2059; x_wconf 84' lang='lat' dir='ltr'>pro</span> <span class='ocrx_word' id='word_1_435' title='bbox 1150 2027 1308 2059; x_wconf 82' lang='lat' dir='ltr'>ebirurgieis</span> <span class='ocrx_word' id='word_1_436' title='bbox 1324 2027 1388 2057; x_wconf 85' lang='lat' dir='ltr'>(vid.</span> <span class='ocrx_word' id='word_1_437' title='bbox 1407 2036 1434 2058; x_wconf 90' lang='lat' dir='ltr'>p.</span> <span class='ocrx_word' id='word_1_438' title='bbox 1451 2029 1496 2050; x_wconf 77' lang='lat'>208</span> <span class='ocrx_word' id='word_1_439' title='bbox 1512 2036 1550 2059; x_wconf 78' lang='lat' dir='ltr'>sq.</span> <span class='ocrx_word' id='word_1_440' title='bbox 1569 2028 1610 2052; x_wconf 89' lang='lat' dir='ltr'>ed.</span> <span class='ocrx_word' id='word_1_441' title='bbox 1631 2029 1660 2052; x_wconf 87' lang='lat' dir='ltr'>R.</span> <span class='ocrx_word' id='word_1_442' title='bbox 1679 2029 1710 2052; x_wconf 85' lang='lat' dir='ltr'>de</span> <span class='ocrx_word' id='word_1_443' title='bbox 1726 2029 1883 2060; x_wconf 84' lang='lat' dir='ltr'>Lcspinasse</span> <span class='ocrx_word' id='word_1_444' title='bbox 1899 2034 1924 2053; x_wconf 86' lang='lat' dir='ltr'>et</span> <span class='ocrx_word' id='word_1_445' title='bbox 1946 2031 1973 2054; x_wconf 85' lang='lat' dir='ltr'>F.</span> <span class='ocrx_word' id='word_1_446' title='bbox 1992 2031 2162 2061; x_wconf 80' lang='lat' dir='ltr'>Bouuurdot).</span> 
     </span>
     <span class='ocr_line' id='line_1_30' title="bbox 289 2071 2160 2105; baseline 0.003 -11"><span class='ocrx_word' id='word_1_447' title='bbox 289 2071 328 2095; x_wconf 83' lang='lat' dir='ltr'>Cf.</span> <span class='ocrx_word' id='word_1_448' title='bbox 346 2075 482 2103; x_wconf 74' lang='lat' dir='ltr'>praeterea</span> <span class='ocrx_word' id='word_1_449' title='bbox 497 2072 777 2103; x_wconf 80' lang='lat' dir='ltr'>Berriat-Saint-Prix‚</span> <span class='ocrx_word' id='word_1_450' title='bbox 792 2074 961 2097; x_wconf 82' lang='lat' dir='ltr'>Recherches</span> <span class='ocrx_word' id='word_1_451' title='bbox 976 2079 1028 2097; x_wconf 79' lang='lat' dir='ltr'>sur</span> <span class='ocrx_word' id='word_1_452' title='bbox 1042 2073 1070 2096; x_wconf 85' lang='lat' dir='ltr'>la</span> <span class='ocrx_word' id='word_1_453' title='bbox 1087 2072 1246 2103; x_wconf 58' lang='lat' dir='ltr'>lavi-station</span> <span class='ocrx_word' id='word_1_454' title='bbox 1261 2076 1286 2095; x_wconf 78' lang='lat' dir='ltr'>et</span> <span class='ocrx_word' id='word_1_455' title='bbox 1298 2072 1433 2096; x_wconf 77' lang='lat' dir='ltr'>l&#39;histoire</span> <span class='ocrx_word' id='word_1_456' title='bbox 1447 2073 1493 2097; x_wconf 78' lang='lat' dir='ltr'>des</span> <span class='ocrx_word' id='word_1_457' title='bbox 1508 2073 1839 2104; x_wconf 71' lang='lat' dir='ltr'>barbicrs-chiruryiens,</span> <span class='ocrx_word' id='word_1_458' title='bbox 1855 2074 1939 2104; x_wconf 74' lang='lat' dir='ltr'>Paris,</span> <span class='ocrx_word' id='word_1_459' title='bbox 1955 2075 2015 2098; x_wconf 84' lang='grc'><strong>1837</strong></span> <span class='ocrx_word' id='word_1_460' title='bbox 2029 2075 2064 2105; x_wconf 83' lang='lat' dir='ltr'>(iu</span> <span class='ocrx_word' id='word_1_461' title='bbox 2078 2076 2160 2100; x_wconf 71' lang='grc' dir='ltr'><strong>Μόνη.</strong></span> 
     </span>
    </p>
   </div>
   <div class='ocr_carea' id='block_1_11' title="bbox 290 2116 637 2148">
    <p class='ocr_par' dir='ltr' id='par_1_11' title="bbox 290 2116 637 2148">
     <span class='ocr_line' id='line_1_31' title="bbox 290 2116 637 2148; baseline 0.006 -10"><span class='ocrx_word' id='word_1_462' title='bbox 290 2116 337 2140; x_wconf 81' lang='lat' dir='ltr'>des</span> <span class='ocrx_word' id='word_1_463' title='bbox 351 2117 449 2147; x_wconf 74' lang='lat' dir='ltr'>Antiq.</span> <span class='ocrx_word' id='word_1_464' title='bbox 464 2117 542 2147; x_wconf 83' lang='lat' dir='ltr'>XIII),</span> <span class='ocrx_word' id='word_1_465' title='bbox 554 2125 581 2148; x_wconf 89' lang='lat' dir='ltr'>p.</span> <span class='ocrx_word' id='word_1_466' title='bbox 598 2118 637 2140; x_wconf 90' lang='grc'>36.</span> 
     </span>
    </p>
   </div>
   <div class='ocr_carea' id='block_1_12' title="bbox 287 2247 2160 2293">
    <p class='ocr_par' dir='ltr' id='par_1_12' title="bbox 287 2247 2160 2293">
     <span class='ocr_line' id='line_1_32' title="bbox 287 2247 2160 2293; baseline 0.001 -10"><span class='ocrx_word' id='word_1_467' title='bbox 287 2247 399 2284; x_wconf 80' lang='grc'><strong>693.</strong></span> <span class='ocrx_word' id='word_1_468' title='bbox 422 2257 592 2282; x_wconf 85' lang='lat' dir='ltr'>Mandatum</span> <span class='ocrx_word' id='word_1_469' title='bbox 612 2258 720 2293; x_wconf 86' lang='lat' dir='ltr'>prioris</span> <span class='ocrx_word' id='word_1_470' title='bbox 745 2259 771 2283; x_wconf 89' lang='lat' dir='ltr'>S.</span> <span class='ocrx_word' id='word_1_471' title='bbox 798 2259 954 2291; x_wconf 79' lang='lat' dir='ltr'>Genovesae</span> <span class='ocrx_word' id='word_1_472' title='bbox 975 2265 1029 2292; x_wconf 84' lang='lat' dir='ltr'>quo</span> <span class='ocrx_word' id='word_1_473' title='bbox 1053 2257 1178 2282; x_wconf 87' lang='lat' dir='ltr'>Claricia</span> <span class='ocrx_word' id='word_1_474' title='bbox 1206 2257 1241 2282; x_wconf 89' lang='lat' dir='ltr'>de</span> <span class='ocrx_word' id='word_1_475' title='bbox 1264 2257 1420 2291; x_wconf 77' lang='lat' dir='ltr'>Rotomago</span> <span class='ocrx_word' id='word_1_476' title='bbox 1453 2256 1553 2282; x_wconf 83' lang='lat' dir='ltr'>illicite</span> <span class='ocrx_word' id='word_1_477' title='bbox 1575 2257 1745 2283; x_wconf 84' lang='lat' dir='ltr'>medicinam</span> <span class='ocrx_word' id='word_1_478' title='bbox 1766 2258 1944 2293; x_wconf 79' lang='lat' dir='ltr'>practicans,</span> <span class='ocrx_word' id='word_1_479' title='bbox 1970 2260 2160 2285; x_wconf 74' lang='lat' dir='ltr'>excommuni-</span> 
     </span>
    </p>
   </div>
   <div class='ocr_carea' id='block_1_13' title="bbox 377 2309 1877 2379">
    <p class='ocr_par' dir='ltr' id='par_1_13' title="bbox 377 2309 1877 2379">
     <span class='ocr_line' id='line_1_33' title="bbox 377 2309 467 2332; baseline 0.011 -2"><span class='ocrx_word' id='word_1_480' title='bbox 377 2309 467 2332; x_wconf 88' lang='lat' dir='ltr'>catur.</span> 
     </span>
     <span class='ocr_line' id='line_1_34' title="bbox 1482 2350 1877 2379; baseline 0.005 -4"><span class='ocrx_word' id='word_1_481' title='bbox 1482 2351 1548 2379; x_wconf 83' lang='grc'><strong>1312,</strong></span> <span class='ocrx_word' id='word_1_482' title='bbox 1565 2350 1697 2376; x_wconf 75' lang='lat' dir='ltr'>februarii</span> <span class='ocrx_word' id='word_1_483' title='bbox 1710 2351 1747 2379; x_wconf 85' lang='grc'>18,</span> <span class='ocrx_word' id='word_1_484' title='bbox 1763 2352 1877 2377; x_wconf 73' lang='lat' dir='ltr'>Parisiis.</span> 
     </span>
    </p>
   </div>
   <div class='ocr_carea' id='block_1_14' title="bbox 286 2433 2162 2878">
    <p class='ocr_par' dir='ltr' id='par_1_14' title="bbox 286 2433 2162 2878">
     <span class='ocr_line' id='line_1_35' title="bbox 376 2433 2161 2478; baseline 0.003 -13"><span class='ocrx_word' id='word_1_485' title='bbox 376 2433 478 2465; x_wconf 88' lang='lat' dir='ltr'>Prior</span> <span class='ocrx_word' id='word_1_486' title='bbox 500 2434 627 2466; x_wconf 84' lang='lat' dir='ltr'>Sancte</span> <span class='ocrx_word' id='word_1_487' title='bbox 649 2434 834 2467; x_wconf 88' lang='lat' dir='ltr'>Genovese</span> <span class='ocrx_word' id='word_1_488' title='bbox 856 2434 1016 2466; x_wconf 87' lang='lat' dir='ltr'>Parisius</span> <span class='ocrx_word' id='word_1_489' title='bbox 1037 2434 1136 2466; x_wconf 87' lang='lat' dir='ltr'>vices</span> <span class='ocrx_word' id='word_1_490' title='bbox 1157 2445 1291 2478; x_wconf 84' lang='lat' dir='ltr'>gerens</span> <span class='ocrx_word' id='word_1_491' title='bbox 1319 2433 1509 2466; x_wconf 85' lang='lat' dir='ltr'>reverendi</span> <span class='ocrx_word' id='word_1_492' title='bbox 1531 2433 1567 2465; x_wconf 89' lang='lat' dir='ltr'>in</span> <span class='ocrx_word' id='word_1_493' title='bbox 1589 2433 1735 2466; x_wconf 86' lang='lat' dir='ltr'>Christo</span> <span class='ocrx_word' id='word_1_494' title='bbox 1756 2434 1868 2478; x_wconf 88' lang='lat' dir='ltr'>patris</span> <span class='ocrx_word' id='word_1_495' title='bbox 1890 2435 2027 2468; x_wconf 85' lang='lat' dir='ltr'>domini</span> <span class='ocrx_word' id='word_1_496' title='bbox 2049 2436 2161 2470; x_wconf 80' lang='lat' dir='ltr'>Silva-</span> 
     </span>
     <span class='ocr_line' id='line_1_36' title="bbox 288 2499 2162 2545; baseline 0.003 -15"><span class='ocrx_word' id='word_1_497' title='bbox 288 2499 472 2531; x_wconf 85' lang='lat' dir='ltr'>nectensis</span> <span class='ocrx_word' id='word_1_498' title='bbox 493 2499 656 2544; x_wconf 85' lang='lat' dir='ltr'>episcopi</span> <span class='ocrx_word' id='word_1_499' title='bbox 677 2500 946 2533; x_wconf 87' lang='lat' dir='ltr'>conservatoris</span> <span class='ocrx_word' id='word_1_500' title='bbox 968 2500 1243 2545; x_wconf 85' lang='lat' dir='ltr'>privilegiorum</span> <span class='ocrx_word' id='word_1_501' title='bbox 1267 2499 1494 2532; x_wconf 82' lang='lat' dir='ltr'>universitati</span> <span class='ocrx_word' id='word_1_502' title='bbox 1515 2499 1770 2543; x_wconf 87' lang='lat' dir='ltr'>magistrorum</span> <span class='ocrx_word' id='word_1_503' title='bbox 1793 2507 1827 2533; x_wconf 89' lang='lat' dir='ltr'>et</span> <span class='ocrx_word' id='word_1_504' title='bbox 1848 2501 2042 2534; x_wconf 86' lang='lat' dir='ltr'>scolarium</span> <span class='ocrx_word' id='word_1_505' title='bbox 2064 2504 2162 2536; x_wconf 87' lang='lat' dir='ltr'>Pari-</span> 
     </span>
     <span class='ocr_line' id='line_1_37' title="bbox 288 2564 2160 2612; baseline 0.003 -15"><span class='ocrx_word' id='word_1_506' title='bbox 288 2564 364 2597; x_wconf 88' lang='lat' dir='ltr'>sius</span> <span class='ocrx_word' id='word_1_507' title='bbox 392 2577 410 2597; x_wconf 88' lang='lat' dir='ltr'>a</span> <span class='ocrx_word' id='word_1_508' title='bbox 436 2565 523 2598; x_wconf 88' lang='lat' dir='ltr'>sede</span> <span class='ocrx_word' id='word_1_509' title='bbox 552 2566 750 2610; x_wconf 86' lang='lat' dir='ltr'>apostolica</span> <span class='ocrx_word' id='word_1_510' title='bbox 779 2566 1016 2607; x_wconf 67' lang='lat' dir='ltr'>indultorum,</span> <span class='ocrx_word' id='word_1_511' title='bbox 1044 2566 1373 2610; x_wconf 83' lang='lat' dir='ltr'>quotienscumque</span> <span class='ocrx_word' id='word_1_512' title='bbox 1400 2565 1644 2598; x_wconf 82' lang='lat' dir='ltr'>venerabilem</span> <span class='ocrx_word' id='word_1_513' title='bbox 1671 2566 1787 2599; x_wconf 82' lang='lat' dir='ltr'>virum</span> <span class='ocrx_word' id='word_1_514' title='bbox 1814 2568 2027 2612; x_wconf 86' lang='lat' dir='ltr'>magistrum</span> <span class='ocrx_word' id='word_1_515' title='bbox 2053 2570 2160 2602; x_wconf 84' lang='lat' dir='ltr'>Nico-</span> 
     </span>
     <span class='ocr_line' id='line_1_38' title="bbox 286 2630 2159 2679; baseline 0.004 -17"><span class='ocrx_word' id='word_1_516' title='bbox 286 2630 381 2663; x_wconf 89' lang='lat' dir='ltr'>laum</span> <span class='ocrx_word' id='word_1_517' title='bbox 403 2631 447 2663; x_wconf 90' lang='lat' dir='ltr'>de</span> <span class='ocrx_word' id='word_1_518' title='bbox 470 2632 598 2664; x_wconf 85' lang='lat' dir='ltr'>Sancto</span> <span class='ocrx_word' id='word_1_519' title='bbox 623 2633 758 2673; x_wconf 79' lang='lat' dir='ltr'>Justo¹⁷</span> <span class='ocrx_word' id='word_1_520' title='bbox 781 2633 1006 2677; x_wconf 83' lang='lat' dir='ltr'>prepositum</span> <span class='ocrx_word' id='word_1_521' title='bbox 1034 2632 1189 2664; x_wconf 84' lang='lat' dir='ltr'>ecclesie</span> <span class='ocrx_word' id='word_1_522' title='bbox 1219 2633 1252 2664; x_wconf 83' lang='lat' dir='ltr'>S.</span> <span class='ocrx_word' id='word_1_523' title='bbox 1277 2631 1472 2676; x_wconf 86' lang='lat' dir='ltr'>Gaugerici</span> <span class='ocrx_word' id='word_1_524' title='bbox 1499 2632 1786 2674; x_wconf 78' lang='lat' dir='ltr'>Cameracensis⁷</span> <span class='ocrx_word' id='word_1_525' title='bbox 1813 2634 1911 2667; x_wconf 91' lang='lat' dir='ltr'>vices</span> <span class='ocrx_word' id='word_1_526' title='bbox 1938 2636 2159 2679; x_wconf 80' lang='lat' dir='ltr'>generaliter</span> 
     </span>
     <span class='ocr_line' id='line_1_39' title="bbox 286 2697 2156 2743; baseline 0.003 -14"><span class='ocrx_word' id='word_1_527' title='bbox 286 2703 473 2741; x_wconf 88' lang='lat' dir='ltr'>gerentem</span> <span class='ocrx_word' id='word_1_528' title='bbox 496 2697 582 2730; x_wconf 90' lang='lat' dir='ltr'>dicti</span> <span class='ocrx_word' id='word_1_529' title='bbox 608 2698 799 2731; x_wconf 88' lang='lat' dir='ltr'>reverendi</span> <span class='ocrx_word' id='word_1_530' title='bbox 821 2698 931 2742; x_wconf 87' lang='lat' dir='ltr'>patris</span> <span class='ocrx_word' id='word_1_531' title='bbox 952 2698 1131 2743; x_wconf 86' lang='lat' dir='ltr'>contingit</span> <span class='ocrx_word' id='word_1_532' title='bbox 1151 2697 1280 2730; x_wconf 87' lang='lat' dir='ltr'>abesse</span> <span class='ocrx_word' id='word_1_533' title='bbox 1301 2710 1319 2729; x_wconf 86' lang='lat' dir='ltr'>a</span> <span class='ocrx_word' id='word_1_534' title='bbox 1340 2697 1424 2730; x_wconf 80' lang='lat' dir='ltr'>villa</span> <span class='ocrx_word' id='word_1_535' title='bbox 1445 2697 1638 2738; x_wconf 69' lang='lat' dir='ltr'>P21risit152,</span> <span class='ocrx_word' id='word_1_536' title='bbox 1660 2698 1864 2743; x_wconf 84' lang='lat' dir='ltr'>presbitero</span> <span class='ocrx_word' id='word_1_537' title='bbox 1888 2701 1922 2733; x_wconf 86' lang='lat' dir='ltr'>S.</span> <span class='ocrx_word' id='word_1_538' title='bbox 1954 2702 2091 2734; x_wconf 76' lang='lat' dir='ltr'>Nicolai</span> <span class='ocrx_word' id='word_1_539' title='bbox 2113 2703 2156 2735; x_wconf 88' lang='lat' dir='ltr'>de</span> 
     </span>
     <span class='ocr_line' id='line_1_40' title="bbox 286 2763 2156 2809; baseline 0.003 -14"><span class='ocrx_word' id='word_1_540' title='bbox 286 2763 431 2808; x_wconf 89' lang='lat' dir='ltr'>Campis</span> <span class='ocrx_word' id='word_1_541' title='bbox 465 2764 625 2796; x_wconf 90' lang='lat' dir='ltr'>Parisius</span> <span class='ocrx_word' id='word_1_542' title='bbox 659 2770 693 2796; x_wconf 92' lang='lat' dir='ltr'>et</span> <span class='ocrx_word' id='word_1_543' title='bbox 727 2764 895 2797; x_wconf 88' lang='lat' dir='ltr'>omnibus</span> <span class='ocrx_word' id='word_1_544' title='bbox 930 2764 1009 2797; x_wconf 84' lang='lat' dir='ltr'>aliis</span> <span class='ocrx_word' id='word_1_545' title='bbox 1044 2764 1088 2796; x_wconf 88' lang='lat' dir='ltr'>ad</span> <span class='ocrx_word' id='word_1_546' title='bbox 1123 2776 1214 2808; x_wconf 92' lang='lat' dir='ltr'>quos</span> <span class='ocrx_word' id='word_1_547' title='bbox 1250 2775 1401 2808; x_wconf 86' lang='lat' dir='ltr'>presens</span> <span class='ocrx_word' id='word_1_548' title='bbox 1437 2764 1640 2796; x_wconf 86' lang='lat' dir='ltr'>mandatum</span> <span class='ocrx_word' id='word_1_549' title='bbox 1672 2767 1890 2809; x_wconf 79' lang='lat' dir='ltr'>pervenerit⁷</span> <span class='ocrx_word' id='word_1_550' title='bbox 1932 2767 2083 2801; x_wconf 87' lang='lat' dir='ltr'>salutem</span> <span class='ocrx_word' id='word_1_551' title='bbox 2121 2769 2156 2801; x_wconf 91' lang='lat' dir='ltr'>in</span> 
     </span>
     <span class='ocr_line' id='line_1_41' title="bbox 287 2829 2154 2878; baseline 0.003 -17"><span class='ocrx_word' id='word_1_552' title='bbox 287 2829 441 2861; x_wconf 92' lang='lat' dir='ltr'>Domino</span> <span class='ocrx_word' id='word_1_553' title='bbox 468 2836 503 2862; x_wconf 83' lang='lat' dir='ltr'>et</span> <span class='ocrx_word' id='word_1_554' title='bbox 527 2830 704 2862; x_wconf 89' lang='lat' dir='ltr'>mandatis</span> <span class='ocrx_word' id='word_1_555' title='bbox 729 2830 940 2875; x_wconf 89' lang='lat' dir='ltr'>apostolicis</span> <span class='ocrx_word' id='word_1_556' title='bbox 967 2830 1117 2862; x_wconf 87' lang='lat' dir='ltr'>firmiter</span> <span class='ocrx_word' id='word_1_557' title='bbox 1138 2829 1301 2862; x_wconf 89' lang='lat' dir='ltr'>obedire.</span> <span class='ocrx_word' id='word_1_558' title='bbox 1325 2830 1419 2862; x_wconf 79' lang='lat' dir='ltr'>Etsi³</span> <span class='ocrx_word' id='word_1_559' title='bbox 1443 2830 1486 2862; x_wconf 89' lang='lat' dir='ltr'>de</span> <span class='ocrx_word' id='word_1_560' title='bbox 1513 2830 1678 2863; x_wconf 84' lang='lat' dir='ltr'>mandato</span> <span class='ocrx_word' id='word_1_561' title='bbox 1707 2832 1793 2865; x_wconf 88' lang='lat' dir='ltr'>dicti</span> <span class='ocrx_word' id='word_1_562' title='bbox 1824 2833 1987 2878; x_wconf 84' lang='lat' dir='ltr'>magistri</span> <span class='ocrx_word' id='word_1_563' title='bbox 2017 2835 2154 2867; x_wconf 82' lang='lat' dir='ltr'>Nicolai</span> 
     </span>
    </p>
   </div>
   <div class='ocr_carea' id='block_1_15' title="bbox 286 2895 2153 2941">
    <p class='ocr_par' dir='ltr' id='par_1_15' title="bbox 286 2895 2153 2941">
     <span class='ocr_line' id='line_1_42' title="bbox 286 2895 2153 2941; baseline 0.003 -13"><span class='ocrx_word' id='word_1_564' title='bbox 286 2895 460 2928; x_wconf 85' lang='lat' dir='ltr'>citavistis</span> <span class='ocrx_word' id='word_1_565' title='bbox 480 2896 724 2941; x_wconf 90' lang='lat' dir='ltr'>peremptorie</span> <span class='ocrx_word' id='word_1_566' title='bbox 745 2897 905 2929; x_wconf 85' lang='lat' dir='ltr'>Parisius</span> <span class='ocrx_word' id='word_1_567' title='bbox 927 2908 1045 2929; x_wconf 87' lang='lat' dir='ltr'>coram</span> <span class='ocrx_word' id='word_1_568' title='bbox 1068 2896 1175 2929; x_wconf 89' lang='lat' dir='ltr'>nobis</span> <span class='ocrx_word' id='word_1_569' title='bbox 1193 2896 1236 2928; x_wconf 88' lang='lat' dir='ltr'>ad</span> <span class='ocrx_word' id='word_1_570' title='bbox 1254 2896 1348 2928; x_wconf 89' lang='lat' dir='ltr'>diem</span> <span class='ocrx_word' id='word_1_571' title='bbox 1360 2896 1478 2940; x_wconf 72' lang='lat' dir='ltr'>jovis‘</span> <span class='ocrx_word' id='word_1_572' title='bbox 1496 2903 1577 2941; x_wconf 81' lang='lat' dir='ltr'>post</span> <span class='ocrx_word' id='word_1_573' title='bbox 1593 2896 1801 2932; x_wconf 85' lang='lat' dir='ltr'>brandones</span> <span class='ocrx_word' id='word_1_574' title='bbox 1818 2899 2006 2932; x_wconf 88' lang='lat' dir='ltr'>Clariciam</span> <span class='ocrx_word' id='word_1_575' title='bbox 2025 2901 2153 2933; x_wconf 89' lang='lat' dir='ltr'>dictam</span> 
     </span>
    </p>
   </div>
  </div>
 </body>
</html>
