2534 3444
421 2297 465 2319 737

421 2403 466 2426 738

421 2510 466 2532 739

422 2571 466 2593 740

1009 342 1332 365 CHARTULARIUM
1368 342 1556 366 UNIVERS.
1594 343 1722 365 PARIS.

567 460 632 486 1315
763 461 835 485 Junii
850 463 863 484 3
949 462 1096 485 Ludovicus
1109 463 1137 490 X,
1156 463 1315 485 Francorum
1329 469 1382 490 rex,
1398 462 1430 484 ad
1437 461 1604 493 justitiarios,
1617 471 1648 486 ne
1660 465 1779 494 pretextu
1789 462 1939 485 rebellionis
1953 461 2059 486 Roberti
2074 461 2212 485 Flandriae

979 507 1082 530 comitis
1102 506 1224 538 magistri
1244 510 1269 530 ct
1286 506 1420 529 scholares
1436 506 1520 530 Paris.
1540 507 1712 530 molestentur
1715 523 2211 532 ....................

587 577 617 580 -
767 563 831 587 Julii
848 564 861 587 2
950 565 1097 588 Ludovicus
1111 565 1139 593 X,
1154 565 1313 588 Francorum
1330 573 1381 592 rex,
1399 573 1488 588 omnes
1500 573 1513 587 e
1528 564 1629 595 gremio
1640 564 1825 588 Universitatis
1839 564 1981 588 Parisiens.
1996 564 2090 588 iterum
2107 564 2212 588 iterum-

979 618 1028 641 que
1048 610 1074 632 in
1090 618 1165 633 suain
1186 610 1295 632 tutelam
1317 609 1429 640 suscipit
1432 625 2211 633 ...............................

588 679 614 683 -
709 666 871 698 Septembris
889 667 919 690 20
948 669 1081 691 Statutum
1097 667 1282 691 Universitatis
1298 675 1349 699 quo
1365 667 1524 699 decernitur,
1544 666 1708 698 appellantes
1731 675 1746 689 a
1767 669 1867 690 rectore
1892 670 1917 690 et
1938 666 2154 698 procuratoribus
2178 666 2211 689 ad

979 712 1183 736 Universitatem
1200 712 1314 744 quinque
1330 712 1437 739 solidos,
1453 720 1468 734 a
1483 711 1616 742 deputatis
1629 711 1662 734 ad
1678 711 1882 734 Universitatem
1898 711 1986 734 decem
2002 711 2100 734 solidos
2116 711 2210 734 rectori

978 757 1134 788 consignare
1151 757 1244 780 debere
1248 772 2210 781 ......................................

565 811 630 838 1316
760 813 820 837 Maii
837 813 866 837 16
947 816 1079 839 Statutum
1088 815 1275 839 Universitatis
1284 814 1441 838 Parisiensis
1448 818 1539 838 contra
1548 814 1674 837 abusores
1683 813 1884 845 privilegiorum
1894 813 1920 837 in
1926 813 1999 837 curia
2007 813 2209 838 conservatoris.

585 885 615 888 -
777 871 844 894 Maio
947 874 1080 897 Statutum
1095 873 1210 904 Capituli
1226 873 1356 904 generalis
1372 872 1435 896 Ord.
1452 872 1544 896 Praed.
1560 871 1794 903 Montispessulani
1814 872 1939 895 celebrati
1959 872 1990 895 de
2009 872 2210 903 praesentandis

978 918 1140 941 baccalareis
1153 917 1263 941 Parisiis
1281 920 1306 941 et
1327 917 1478 948 praesentia
1497 916 1687 948 magistrorum
1707 916 1856 948 theologiae
1871 916 1968 939 ibidem
1972 933 2210 941 ..........

584 987 614 990 —
751 973 823 997 Junii
841 973 870 996 12
947 977 1079 999 Statutum
1094 975 1280 999 Universitatis
1298 974 1464 1003 Parisionsis,
1482 977 1510 997 ut
1524 982 1614 998 omnes
1641 973 1744 997 librarii
1766 977 1791 997 ct
1810 974 1958 997 stationarii
1981 974 2014 997 ab
2034 973 2210 997 Universitate

977 1021 1030 1044 sint
1044 1020 1151 1052 privati,
1175 1020 1219 1051 qui
1244 1022 1342 1043 statuta
1363 1018 1549 1043 Universitatis
1566 1019 1655 1050 jurare
1674 1018 1835 1050 neglexerint
1839 1035 2208 1043 ...............

583 1088 613 1092 -·
705 1074 868 1106 Septembris
886 1076 916 1098 ‘20
945 1079 1055 1102 Michuel
1066 1078 1097 1102 de
1112 1078 1219 1105 (leaena,
1233 1077 1353 1100 minister
1368 1077 1499 1108 generalis
1515 1076 1578 1100 Ord.
1603 1076 1676 1106 Min„
1701 1076 1795 1100 statuit
1818 1085 1849 1100 ne
1864 1076 2043 1100 adolescentes
2065 1077 2160 1099 fratres
2176 1076 2209 1099 ad

976 1123 1064 1147 studia
1078 1122 1230 1146 transmissi
1243 1122 1296 1145 ullo
1312 1122 1390 1145 modo
1405 1121 1519 1153 equitent
1524 1138 2208 1146 ...........................

585 1192 609 1194 -
709 1177 864 1200 N0V0¹1¹bri⁸
881 1178 909 1200 13
943 1181 1076 1205 Johannes
1092 1181 1160 1204 XXII
1185 1179 1320 1211 magistris
1340 1183 1366 1203 et
1387 1179 1553 1203 scholaribus
1576 1179 1660 1202 Puris.
1685 1178 1800 1210 injungit
1818 1181 1847 1202 ut
1868 1177 2040 1202 Universitati
2063 1178 2209 1202 Tolosanae

975 1225 1160 1257 apographum
1170 1224 1287 1248 omnium
1295 1224 1497 1256 privilegiorum
1507 1224 1557 1247 sibi
1568 1232 1583 1247 a
1592 1224 1653 1247 sede
1661 1223 1807 1255 apostolica
1818 1231 2003 1246 concessorum
2018 1222 2206 1247 transmittant.

942 1284 1075 1308 johannes
1098 1283 1166 1306 XXII
1192 1282 1280 1306 omnia
1307 1282 1450 1314 privilegia
1476 1282 1649 1306 Universitati
1675 1281 1760 1305 Paris.
1786 1290 1800 1304 a
1822 1281 1883 1305 sede
1909 1281 2055 1312 apostolica
2084 1289 2208 1309 concessa

973 1328 1112 1352 confirmat
1114 1342 2205 1352 ...........................................

519 1380 665 1407 1292-1316
702 1400 706 1405 .
728 1399 733 1404 -
755 1399 759 1404 ·
781 1403 784 1406 ,
806 1398 910 1405 ·····
942 1386 1107 1410 Universitas
1123 1385 1265 1409 Parisiens.
1291 1385 1414 1416 deplorat
1435 1392 1462 1408 se
1487 1384 1673 1408 detrimentum
1695 1383 1750 1415 pati
1775 1392 1805 1406 ac
1827 1383 1943 1407 remedia
1958 1383 2086 1415 assignat,
2111 1383 2207 1415 quibus

972 1431 1042 1454 mala
1063 1433 1256 1454 amoverentur.
1282 1444 2206 1454 ...................................

560 1487 625 1513 1318

940 1493 1073 1517 Johannes
1090 1493 1157 1516 XXII
1179 1492 1300 1515 omnibus
1314 1491 1441 1523 praelatis
1459 1491 1628 1514 ecclesiarum
1649 1490 1764 1522 injungit
1778 1493 1806 1513 ut
1830 1490 1966 1521 magistris
1991 1493 2016 1513 et
2039 1489 2206 1513 scholaribus

971 1537 1056 1562 Paris.
1068 1537 1226 1568 provideant
1240 1537 1271 1560 dc
1287 1536 1420 1560 beneficiis
1440 1535 1626 1559 ecclesiasticis
1656 1552 1895 1559 ..........
1918 1556 1920 1558 .
1941 1551 2204 1558 ..........

940 1600 1072 1624 Johannes
1089 1600 1156 1623 XXII
1173 1599 1300 1630 magistro
1313 1598 1427 1622 Johanni
1447 1598 1479 1621 de
1502 1598 1623 1622 Janduno
1648 1597 1831 1621 canonicatum
1852 1596 1977 1620 ecclesiae
2002 1597 2205 1620 Silvanectensis

971 1646 1069 1668 confert
1075 1658 2204 1668 ...........................................

940 1708 1078 1731 Decretum
1097 1706 1284 1730 Universitatis
1307 1705 1464 1729 Parisiensis
1489 1706 1521 1728 de
1542 1705 1653 1736 pecunia
1677 1713 1726 1736 pro
1748 1704 1875 1735 impensis
1900 1703 1985 1735 ipsius
2007 1712 2022 1727 a
2042 1712 2206 1735 quacumque

972 1752 1096 1775 facultate
1114 1750 1238 1774 solvcnda
1243 1765 2205 1774 ......................................

905 1810 909 1816 ¹
940 1813 1062 1838 Gaurridi
1079 1814 1110 1837 de
1124 1813 1149 1836 S.
1167 1812 1336 1844 Leodegario,
1350 1812 1453 1835 librarii
1466 1812 1548 1843 jurati
1564 1811 1760 1839 Universitatis,
1774 1810 1939 1842 aliorumque
1948 1810 2120 1834 librariorum
2133 1810 2207 1842 jura-

972 1861 1088 1882 mentum
1103 1858 1135 1881 de
1150 1857 1237 1881 officio
1258 1866 1306 1880 suo
1327 1857 1439 1881 fideliter
1458 1856 1622 1888 exsequendo
1626 1872 2204 1880 .......................

941 1921 1044 1944 Statuta
1059 1919 1245 1943 Universitatis
1262 1919 1346 1943 Paris.
1363 1919 1394 1942 de
1409 1919 1528 1942 librariis
1541 1922 1567 1942 et
1582 1918 1754 1946 stationariis,
1775 1925 1887 1949 quorum
1902 1917 2008 1940 nomina
2028 1920 2203 1943 recensentur.

940 1978 1054 2001 Litterae
1069 1976 1255 2000 Universitatis
1271 1976 1428 2000 Parisiensis
1444 1976 1475 1999 de
1491 1976 1611 1999 habendo
1630 1975 1760 1999 notarium
1774 1975 1909 2006 publicum
1915 1992 2203 1999 ............

940 2040 1052 2064 Litterae
1072 2039 1258 2063 Universitatis
1281 2038 1448 2067 Parisiensis,
1471 2038 1567 2070 quibus
1590 2041 1680 2061 notum
1702 2037 1764 2060 facit
1788 2037 1945 2068 magistrum
1975 2037 2145 2060 Laurentium
2173 2037 2204 2061 de

971 2084 1107 2116 Glyseimi,
1123 2087 1265 2115 postquam
1275 2083 1482 2115 quadringentas
1493 2083 1577 2106 libras
1586 2082 1772 2106 Universitatis
1788 2081 1880 2104 usibus
1896 2081 2070 2113 applicandas
2081 2082 2204 2105 emendae

971 2128 1075 2152 nomine
1090 2127 1256 2159 persolverit,
1273 2128 1299 2151 in
1315 2127 1466 2151 societatem
1485 2127 1680 2159 privilegiaque
1695 2126 1906 2150 academicorum
1922 2126 2026 2149 restitui
2038 2134 2125 2157 posse.
2145 2144 2151 2150 .
2171 2143 2177 2150 .
2197 2145 2202 2150 .

577 2203 607 2207 —
721 2189 841 2213 Januarii
857 2190 885 2212 27
940 2192 1073 2214 Statutum
1088 2189 1274 2214 Universitatis
1291 2189 1448 2213 Parisiensis
1468 2189 1500 2212 de
1515 2189 1593 2212 modo
1608 2188 1722 2212 habendi
1737 2188 1839 2212 litteras
1856 2196 1871 2211 a
1893 2191 2078 2211 conservatore
2094 2191 2120 2212 et
2135 2189 2203 2220 quod

969 2235 1061 2266 petitio
1074 2234 1217 2266 cujuslibet
1230 2234 1317 2266 primo
1333 2234 1410 2257 debet
1427 2234 1480 2265 legi
1495 2242 1542 2265 per
1557 2236 1685 2257 rectorem
1702 2233 1729 2256 in
1749 2232 1954 2264 congregatione
1974 2232 2089 2264 generali
2094 2250 2203 2257 .....

578 2309 606 2313 -
723 2295 859 2319 Februarii
874 2296 888 2318 3
939 2297 1051 2321 Litterae
1064 2297 1160 2328 quibus
1176 2296 1343 2320 Universitas
1359 2295 1516 2319 Parisiensis
1532 2295 1685 2327 Philippum
1700 2295 1729 2324 V,
1745 2295 1907 2318 Francorum
1924 2302 2022 2326 regem,
2039 2295 2204 2326 recognoscit

969 2341 1044 2373 eique
1058 2341 1189 2373 promittit
1204 2349 1231 2364 se
1246 2341 1368 2364 daturam
1384 2340 1511 2364 auxilium
1523 2343 1549 2364 et
1560 2341 1675 2363 savorem
1679 2356 2202 2363 .....................

938 2404 1071 2427 johannes
1094 2404 1162 2427 XXII
1184 2403 1306 2426 omnibus
1328 2403 1500 2426 ecclesiarum
1529 2402 1656 2434 praelatis
1683 2401 1798 2433 injungit
1821 2404 1850 2424 ut
1878 2404 2005 2433 quantum
2034 2401 2091 2425 fieri
2118 2401 2204 2433 possit

970 2447 1106 2479 magistris
1119 2451 1143 2471 et
1157 2447 1324 2471 scholaribus
1340 2447 1483 2471 Parisiens.
1499 2447 1626 2470 beneficia
1640 2446 1818 2470 ecclesiastica
1833 2446 1978 2469 concedant
1991 2449 2017 2470 et
2031 2447 2174 2470 conserant,
2197 2465 2200 2469 .

517 2507 660 2534 1316-1317
699 2525 908 2532 .........
937 2510 1070 2533 Johannes
1087 2510 1155 2533 XXII
1170 2510 1203 2533 ad
1222 2518 1311 2533 omnes
1330 2509 1501 2533 ecclesiarum
1518 2509 1652 2540 praelatos
1667 2509 1699 2531 de
1722 2508 1813 2531 eodem
1828 2511 1983 2539 argumento
1987 2525 2201 2532 .........

557 2570 621 2595 1317

938 2573 1023 2596 Causa
1045 2575 1125 2601 mota,
1147 2580 1235 2595 coram
1251 2571 1403 2604 praeposito
1426 2571 1577 2599 Parisiensi,
1602 2571 1670 2594 inter
1692 2570 1849 2602 magistrum
1871 2570 2018 2593 Johannem
2041 2570 2072 2593 de
2091 2570 2201 2602 Haspre‚

968 2616 1093 2640 clericum
1110 2619 1136 2640 et
1153 2616 1299 2640 scholarem
1315 2616 1498 2644 Parisiensem,
1520 2624 1550 2639 ex
1571 2618 1646 2647 parte
1668 2623 1728 2643 una,
1745 2618 1770 2638 et
1785 2614 1939 2638 Nicholaum
1956 2614 2100 2638 Descroues
2116 2614 2202 2638 Armi-

968 2669 1061 2692 gerum
1076 2669 1107 2684 ex
1120 2664 1196 2692 parte
1216 2661 1297 2684 altera
1304 2674 2200 2684 .....................................

937 2723 1070 2746 Johannes
1087 2724 1155 2746 XXII
1171 2723 1287 2747 studium
1302 2723 1451 2747 Parisiense
1476 2723 1601 2746 laudibus
1617 2722 1729 2750 extollit;
1754 2722 1918 2753 professores
1942 2724 2029 2744 tamen
2051 2721 2200 2745 liberalium

969 2768 1067 2791 artium
1081 2771 1106 2791 et
1118 2768 1266 2799 theologiae
1281 2768 1401 2799 corripit,
1417 2775 1592 2799 excessusque
1611 2768 1755 2791 reformare
1770 2769 1879 2790 conatur
1883 2782 2199 2790 .............

938 2830 1060 2852 Facultas
1082 2830 1230 2861 theologiae
1248 2830 1443 2853 recommendat
1470 2837 1556 2861 papae
1579 2829 1736 2860 magistrum
1766 2829 1878 2852 Alanum
1904 2827 2030 2856 Gonterii‚
2045 2827 2201 2859 ‘theologiae

970 2874 1112 2902 doctorem,
1128 2874 1161 2897 ad
1186 2874 1368 2905 episcopatum
1393 2877 1542 2905 promotum
1547 2888 2198 2897 ..........................

543 2946 581 2969 92.

2257 608 2301 632 175

2256 756 2301 779 176

2256 813 2300 837 177

2255 916 2300 939 178

2254 1018 2299 1042 179

2255 1120 2299 1143 180

2253 1223 2295 1248 181

2252 1325 2297 1348 182

2252 1427 2296 1451 182

2252 1529 2297 1553 184

2250 1636 2296 1660 186

2251 1743 2296 1767 186

2251 1850 2295 1874 188

2251 1913 2295 1936 190

2250 1975 2295 1999 193

2249 2126 2295 2150 194

2249 2233 2294 2256 195

2249 2340 2293 2363 197

2248 2447 2292 2470 198

2247 2509 2292 2532 199

2247 2660 2292 2683 200

2246 2765 2291 2790 200

2244 2873 2288 2896 201
