2534 3444
321 328 416 364 1334]
722 341 767 363 AB
801 341 906 363 ΑΝΝο
941 340 1174 363 nchxxxw
1209 340 1340 369 USQUE
1375 341 1423 363 An
1457 341 1596 363 ANNUM
1630 342 1772 365 mecm..
2118 336 2181 369 437

315 415 442 438 conferre.
460 423 471 438 (ι
485 414 636 446 Negabatur
655 414 706 437 sibi
726 414 757 437 de
778 413 852 437 curia
873 422 1002 442 recessus,
1023 415 1164 445 antequam
1187 422 1262 438 suam
1281 414 1468 438 conscientiam
1487 415 1513 438 in
1531 415 1577 438 illo
1593 415 1730 446 proposito
1750 416 1883 446 liberaret,
1901 420 1926 440 et
1945 426 1974 440 ex
1990 418 2134 442 abundanti
2150 420 2181 443 de

315 458 425 482 libraria
447 457 546 482 domini
566 466 635 489 pape
665 459 770 481 fuerunt
796 458 847 481 sibi
867 458 987 481 codicelli
1013 458 1121 482 exhibiti
1150 458 1307 482 sufficienter
1326 462 1352 482 et
1371 458 1514 482 ministrati
1531 467 1541 482 ι)
1558 460 1591 482 ad
1612 460 1770 483 studendum
1791 461 1946 491 quaestioni.
1971 463 2180 493 Propositionem

314 502 428 526 Thomne
443 502 548 525 Walleis
564 503 618 525 fore
639 502 776 525 tenendam
796 502 919 534 opinatus
935 506 982 531 est,
998 506 1024 526 et
1043 511 1100 526 eam
1115 505 1169 526 tam
1187 503 1297 534 legendo
1313 511 1392 534 quam
1407 503 1546 526 scribendo
1566 503 1733 534 approbavit.
1748 504 1777 527 In
1795 504 1836 527 die
1853 505 1878 527 S.
1896 505 2029 528 Laurentii
2049 507 2122 538 (Aug.
2140 507 2179 536 10)

315 546 364 570 iter
376 546 489 578 arripuit
502 554 593 570 versus
604 546 734 577 Angliam.
747 559 778 564 —
793 547 815 569 2.
830 546 957 570 Henricus
972 547 1004 570 de
1016 546 1210 570 Diessenhoven
1222 547 1368 577 (Boehmer,
1384 547 1485 572 Fontes
1499 554 1555 571 rer.
1570 554 1650 577 ραν-νη
1665 565 1670 576 ,
1686 548 1728 575 IV,
1746 548 1783 577 18)
1802 549 1834 571 ad
1850 548 1898 571 hoc
1914 552 2002 572 notat:
2022 559 2032 572 «
2049 554 2074 573 ct
2089 551 2179 581 plures

314 590 482 614 auctoritates
496 598 545 621 pro
564 593 590 613 et
608 593 699 614 contra
720 591 872 621 collegerat,
890 599 940 622 que
959 590 1020 614 fecit
1043 594 1104 614 tunc
1125 591 1178 622 legi
1198 591 1224 614 in
1245 591 1402 614 consistorio
1421 591 1548 621 quinque
1562 591 1658 616 diebus
1678 591 1777 623 (utique
1799 592 1964 623 interruptis)
1985 601 2053 617 anno
2075 595 2179 618 Domini

314 634 517 658 mcccxxxnn
532 634 629 665 (potius
645 635 714 664 1333)
730 642 745 658 a
759 636 826 658 festo
841 635 1010 659 innocentum
1025 635 1154 665 (Decemb.
1172 636 1210 665 28)
1230 643 1313 667 usque
1333 635 1365 658 ad
1385 635 1570 666 Epyphaniam
1587 643 1608 659 ›>.
1622 649 1652 653 —
1670 637 1691 658 3.
1710 644 1721 658 «
1743 636 1878 667 Scripture
1953 638 2101 668 frequenter
2122 647 2132 661 »
2152 639 2178 662 in

313 677 464 701 membrana
479 677 604 701 abrasum
615 681 663 701 est.
674 678 858 707 —4.Quaeab
873 679 921 701 hoc
938 679 995 702 loco
1011 687 1094 710 usque
1110 687 1122 702 «
1134 679 1267 702 Adicimus
1279 687 1290 702 ))
1301 682 1455 710 sequuntur,
1472 679 1628 702 Benedictus
1644 679 1688 702 Xll
1705 679 1784 703 etiam
1800 680 1826 702 in
1841 680 2033 704 Constitutione
2048 690 2089 705 an.
2110 683 2179 710 1335,

312 721 398 744 Martii
414 722 442 744 17
455 722 526 753 (Reg.
544 722 677 745 Benedicti
696 723 752 751 XII,
773 730 815 746 an.
830 723 853 755 1,
866 731 892 754 p.
908 723 931 753 1,
952 731 993 754 ep.
1015 723 1057 750 12:
1077 723 1237 754 Raynaldus,
1255 725 1332 748 Anu.
1352 723 1426 751 eccl„
1448 723 1481 746 ad
1496 731 1538 746 an.
1556 724 1626 752 1334,
1642 723 1675 746 niss
1693 724 1731 751 28,
1745 725 1794 754 35),
1811 732 1894 755 paene
1911 725 1944 747 ad
1961 725 2071 748 verbum
2088 727 2177 749 refert.

310 779 341 783 —
351 767 372 789 5.
390 766 425 789 De
436 766 578 794 Bellovisu,
594 767 626 790 de
638 766 776 798 provincia
794 767 956 795 Provinciae,
973 766 1018 798 qui
1036 767 1186 790 licentiatus
1202 770 1242 791 est
1263 776 1274 790 «
1288 775 1335 798 per
1350 767 1420 790 dom.
1434 768 1582 791 ,Iohannem
1595 776 1694 799 papam
1709 768 1777 791 XXII
1792 768 1818 791 in
1834 768 1907 791 curia
1922 777 1964 791 an.
1982 769 2149 793 MCCCXXVI
2167 779 2177 792 »

311 811 344 839 (vy
366 809 447 833 Catal.
465 810 586 841 magistr.
602 810 628 833 in
643 812 747 835 Archiv
761 813 782 841 Γ.
797 811 1016 841 Ζίειεναΐαν-,α.
1028 811 1256 842 Κίνοὴεηρεεοὴ.,
1276 812 1308 842 ll,
1325 814 1363 839 55,
1381 816 1409 834 n0
1423 813 1472 842 83).
1494 813 1539 835 An.
1561 812 1620 834 1328
1636 816 1692 835 erat
1712 812 1839 843 magister
1855 821 1876 836 s.
1894 813 1989 844 palatii
2011 814 2052 844 (cf.
2074 814 2178 842 Que'tis-

310 854 421 882 Echard,
436 854 454 882 1,
470 855 535 885 584).
553 854 603 878 Sed
623 855 678 878 sine
693 855 774 878 dubio
790 855 846 886 jam
861 863 902 878 an.
920 855 981 878 1326
999 855 1105 879 obtento
1126 856 1288 887 magisterio,
1309 856 1443 879 Dominico
1463 856 1573 880 Grenier
1592 860 1712 887 promoto
1732 857 1765 879 ad
1785 857 1967 888 episcopatum
1988 858 2178 889 Appamiarum

308 897 342 928 (v.
357 906 438 929 supra
453 904 480 921 n⁰
495 899 549 927 834,
566 902 627 922 nota
647 899 679 929 1),
695 899 778 922 lector
797 899 886 923 curiae
907 899 993 923 sactus
1013 903 1061 923 est.
1078 900 1113 923 De
1129 900 1184 931 ejus
1204 909 1266 932 opp.
1284 902 1316 923 cf.
1334 900 1548 928 Quetif-Echard‚
1564 901 1582 923 l.
1600 909 1621 924 r.
1639 901 1667 924 V.
1683 904 1820 932 praeterea
1841 909 1922 932 supra
1942 906 1970 924 ηο
1985 903 2040 931 838,
2056 906 2118 925 nota
2134 903 2176 930 18;

308 943 361 970 975,
378 945 447 965 nota.
464 942 510 967 Hic
525 943 682 966 mentionem
697 943 839 974 specialem
853 947 956 967 tantum
971 944 1059 975 operis
1077 944 1266 969 Collationum
1279 944 1306 967 in
1324 944 1392 969 Bibl.
1405 948 1458 968 nat.
1475 945 1569 972 Paris.‚
1586 953 1633 968 ms.
1651 945 1695 968 lat.
1714 946 1774 968 2584
1788 945 1899 975 (mutilo)
1917 946 2054 975 faciamus,
2068 955 2127 969 cum
2141 947 2178 970 ibi

307 986 456 1017 promiscue
471 988 621 1018 paroemiae
638 987 887 1019 galloprovinciales
900 987 1077 1017 inveniantur,
1097 997 1163 1020 quae
1178 988 1204 1012 in
1220 989 1260 1012 ed.
1278 988 1362 1013 Paris.
1379 989 1440 1012 1519
1454 997 1485 1012 ex
1499 989 1624 1012 idiomate
1637 989 1796 1020 provinciali
1813 990 1839 1012 in
1855 989 1986 1014 Gallicum
2002 991 2177 1022 transcriptae

308 1033 369 1053 sunt
384 1031 425 1060 (cs.
440 1034 466 1054 et
479 1024 694 1062 Quetis-Echard,
710 1040 736 1063 p.
754 1033 818 1062 585),
834 1035 860 1055 et
872 1032 1016 1063 Epistulae
1030 1039 1105 1063 may.
1122 1033 1265 1058 Armandi
1273 1033 1469 1064 predicatoris,
1486 1040 1561 1064 may.
1575 1040 1597 1058 s.
1609 1033 1727 1063 palacii,
1745 1034 1776 1057 de
1787 1033 1893 1057 Visione
1906 1034 2007 1063 heaut„
2024 1035 2144 1059 diversae
2162 1044 2177 1059 a

307 1074 557 1104 Hesperu-ionibus,
570 1076 602 1098 de
617 1076 712 1108 quibus
725 1084 806 1107 supra
822 1076 855 1099 ni!
868 1077 913 1099 838
928 1080 953 1100 et
967 1078 1013 1100 975
1027 1077 1054 1100 in
1069 1077 1148 1102 notis.
1164 1077 1283 1108 Epistola
1298 1077 1393 1108 incipit
1408 1085 1412 1100 z
1429 1086 1441 1100 (ι
1453 1078 1501 1100 Illa
1517 1085 1566 1109 que
1582 1085 1688 1100 sursum
1704 1081 1744 1101 est
1753 1079 1902 1102 Jerusalem
1917 1079 2001 1102 libera
2016 1082 2056 1103 est
2070 1088 2081 1102 »
2097 1080 2174 1109 (Bibl.

308 1118 382 1150 publ.
399 1118 562 1151 Cantabrig.‚
578 1119 612 1149 Ji,
638 1121 661 1144 3.
682 1121 720 1148 10,
739 1121 784 1144 sol.
799 1120 863 1152 951¹).
880 1121 909 1143 In
924 1121 971 1144 illa
986 1122 1133 1144 Armandus
1153 1122 1239 1153 primo
1264 1121 1340 1145 affert
1363 1125 1466 1153 partem
1490 1122 1630 1145 adversam
1652 1122 1811 1153 negativam,
1834 1123 1985 1154 opinionem
2001 1124 2058 1147 scil.
2074 1124 2175 1147 ,lohan-

309 1153 348 1186 nis
371 1163 453 1193 xxm·
477 1164 590 1187 secundo
614 1167 717 1195 partem
736 1165 920 1188 affirmativam
936 1166 1005 1194 (cum
1021 1165 1075 1188 suis
1093 1166 1288 1197 fundamentis),
1305 1174 1398 1197 nempe
1418 1166 1519 1189 animas
1539 1169 1668 1197 purgatas
1691 1166 1780 1189 statim
1804 1167 1932 1190 facialiter
1952 1168 2041 1191 videre
2057 1168 2174 1191 divinam

308 1210 437 1235 naturam,
454 1207 495 1230 cui
513 1211 604 1231 auctor
619 1208 756 1237 adhaeret;
772 1209 850 1232 tertio
865 1210 1007 1240 respondet
1021 1210 1054 1232 ad
1074 1210 1176 1241 objecta
1190 1210 1217 1233 in
1232 1210 1392 1241 oppositum.
1414 1210 1570 1241 Opinionem
1586 1210 1746 1241 negativam,
1763 1219 1774 1233 (ι
1795 1212 1864 1242 quod
1882 1212 1955 1235 nulla
1976 1212 2063 1235 anima
2084 1213 2173 1243 cujus-

308 1259 410 1283 cunque
425 1251 508 1275 sancti
524 1255 584 1276 ante
599 1253 640 1275 sui
655 1253 774 1284 corporis
792 1254 999 1285 resumptionem
1019 1254 1107 1277 videat
1124 1255 1203 1279 Deum
1220 1254 1285 1278 facie
1300 1255 1332 1277 ad
1349 1254 1441 1278 faciem
1457 1263 1479 1282 J),
1497 1258 1572 1278 vocat
1588 1263 1599 1277 «
1616 1255 1722 1277 modum
1742 1263 1839 1278 novum
1859 1259 1884 1279 et
1898 1259 2049 1280 extraneum
2066 1265 2077 1279 »
2096 1257 2121 1286 (l.
2139 1266 2172 1282 c..

308 1295 352 1318 sol.
367 1296 416 1325 96).
431 1308 462 1314 --
474 1297 497 1319 6.
514 1297 543 1320 V.
560 1305 642 1328 supra
656 1301 685 1320 n⁰
698 1298 754 1327 917,
769 1301 795 1321 et
810 1301 838 1320 n⁰
850 1299 906 1321 977.
918 1311 949 1315 —
962 1299 983 1321 7.
998 1298 1138 1329 Sequentia
1153 1298 1179 1321 in
1195 1299 1349 1322 membrana
1364 1298 1440 1322 Arch.
1458 1299 1515 1322 Vat.
1530 1299 1632 1322 desunt.

306 1468 417 1506 984.
441 1478 584 1505 lohannes
599 1480 854 1517 XXllPhilippum
872 1482 914 1516 VJ,
927 1490 1020 1516 regem
1036 1483 1186 1516 Franciae,
1203 1486 1296 1508 monet
1310 1482 1345 1508 de
1360 1490 1446 1507 sensu
1461 1482 1651 1517 quarumdam
1666 1482 1837 1517 litterarum,
1851 1483 1886 1509 de
1902 1484 2036 1510 missione
2055 1484 2172 1510 Ger-aldi

398 1527 514 1554 Othonis
531 1531 558 1554 et
571 1528 704 1564 Arnaldi,
723 1533 751 1555 et
764 1529 799 1556 de
815 1531 984 1565 quaestione
1000 1531 1077 1556 circa
1093 1531 1226 1557 visionem
1243 1531 1416 1565 beatificam.

1515 1599 1589 1628 1334,
1603 1599 1691 1624 Martii
1704 1599 1740 1628 10,
1757 1599 1887 1625 Ᾱνεηίοηο.

394 1669 483 1714 Regi
505 1669 667 1703 Francie.
690 1671 843 1704 Litteras
864 1672 984 1717 regias
1006 1683 1116 1717 super
1137 1672 1379 1717 responsione
1400 1679 1581 1705 certorum
1607 1672 1828 1717 prelatorum
1854 1685 1894 1705 ac
1915 1674 2172 1718 magistrorum

303 1734 561 1768 Parisiensium
594 1736 631 1768 in
662 1736 868 1782 theologica
902 1738 1069 1771 facultate
1103 1739 1193 1771 facta
1227 1738 1388 1771 Parisius
1420 1738 1463 1771 de
1491 1738 1633 1771 visione
1661 1739 1859 1771 animarum
1888 1746 2131 1784 separatarum
2154 1752 2172 1773 a

303 1811 469 1845 corpore,
493 1813 558 1834 nec
587 1814 659 1835 non
686 1809 721 1836 et
747 1805 928 1848 patentes¹
959 1805 1169 1837 eorumdem
1197 1804 1417 1849 prelatorum
1447 1811 1482 1837 et
1509 1805 1698 1838 doctorum
1723 1805 1862 1838 litteras
1884 1806 2039 1839 directas
2066 1806 2172 1839 celsi-

303 1866 418 1899 tudini
448 1868 567 1913 regie’
595 1869 825 1903 continentes
855 1871 1118 1915 responsiones
1150 1871 1333 1916 predictas
1363 1871 1523 1916 benigne
1554 1871 1759 1916 recepimus
1789 1879 1824 1904 et
1853 1879 2021 1905 contenta
2051 1873 2087 1905 in
2118 1874 2171 1906 eis

302 1932 408 1977 pleno
436 1933 653 1979 collegimus
682 1936 882 1969 intellectu.
916 1938 967 1969 le
996 1937 1129 1982 quihus
1159 1938 1305 1982 quidem
1337 1937 1468 1970 litteris
1495 1937 1608 1982 regiis
1635 1938 1823 1970 evidenter
1848 1939 2029 1971 sincerum
2055 1939 2170 1972 zelum

301 2000 543 2044 percepimus,
585 2013 690 2046 quem
730 2003 774 2035 ad
809 2003 1061 2036 exaltationem
1101 2003 1185 2036 fidei
1217 2010 1252 2036 et
1280 2003 1456 2036 honorem
1493 2010 1615 2037 sancte
1646 2004 1711 2037 Dei
1742 2005 1836 2048 gerit
1871 2005 2027 2038 ecclesie
2063 2013 2170 2050 atque

300 2072 476 2107 nostrum,
495 2078 606 2112 super
626 2080 696 2112 que
717 2069 835 2102 eidem
854 2069 1067 2103 exhibemus
1089 2071 1284 2115 gratiarum
1308 2070 1441 2103 uberes
1458 2070 1632 2103 actiones.
1653 2071 1744 2103 Sane
1766 2071 1849 2115 quia
1871 2071 2029 2116 regalem
2053 2073 2170 2105 excel-

300 2131 444 2165 lentiam
466 2144 509 2166 ex
530 2134 624 2167 serie
649 2134 769 2168 littere
790 2136 891 2181 regie
913 2148 1024 2181 super
1045 2148 1087 2169 eo
1115 2137 1346 2181 percepimus
1367 2137 1550 2177 admirari,
1587 2137 1685 2181 quod
1720 2149 1787 2170 nos
1818 2137 2024 2182 fidedignos
2054 2139 2169 2171 nomi-

300 2197 472 2231 nabamus
506 2199 543 2232 in
571 2201 707 2234 nostris
736 2201 887 2235 litteris³
923 2202 1006 2235 illos
1037 2203 1098 2247 qui
1133 2203 1177 2235 de
1209 2203 1309 2248 regia
1339 2203 1607 2248 magnificentia
1644 2203 1847 2235 retulerunt
1880 2203 1986 2236 nobis
2017 2205 2166 2237 falsum:

300 2270 337 2296 ut
357 2271 477 2298 cesset
496 2266 683 2300 admiratio
704 2268 804 2313 regia
826 2268 944 2301 taliter
964 2269 1008 2301 ad
1029 2276 1192 2302 nostrum
1215 2269 1376 2302 auditum
1402 2269 1529 2302 relatio
1552 2269 1735 2314 fidedigna
1757 2270 1936 2313 perduxit,
1960 2271 2057 2314 quod
2079 2283 2168 2303 non-

300 2329 421 2363 nullos
443 2332 636 2376 magistros
663 2333 700 2365 in
729 2333 913 2380 theologia
943 2335 1080 2368 audivit
1108 2342 1330 2376 asserentes,
1362 2335 1460 2379 quod
1491 2342 1562 2375 tua,
1593 2335 1643 2367 fili
1672 2335 1872 2376 carissime,
1901 2336 2167 2380 magnificentia

299 2395 382 2428 illos
406 2397 608 2439 induxerat,
632 2406 670 2432 ut
690 2400 806 2444 quod⁴
828 2401 945 2433 anime
973 2408 1136 2446 separate
1158 2414 1176 2434 a
1197 2413 1350 2446 corpore
1371 2413 1389 2434 a
1411 2401 1568 2445 peccatis
1590 2407 1742 2446 purgate
1770 2408 1851 2433 ante
1873 2414 2021 2434 suorum
2045 2414 2166 2435 resur-

300 2462 498 2495 rectionem
528 2476 721 2509 corporum
751 2466 922 2499 videbant
951 2467 1046 2500 clare
1079 2467 1237 2500 divinam
1272 2468 1466 2500 essentiam
1503 2467 1746 2511 predicarent,
1780 2467 1888 2500 immo
1924 2468 2005 2512 plus
2041 2480 2165 2501 eorum

298 2527 430 2572 aliquis
451 2540 515 2562 seu
544 2530 656 2575 aliqui
685 2532 872 2565 asserebat
898 2545 963 2566 seu
990 2533 1213 2574 asserebant,
1236 2534 1334 2578 quod
1359 2533 1460 2565 illum
1483 2544 1548 2565 seu
1574 2533 1658 2565 illos
1679 2533 1740 2577 qui
1761 2533 1829 2566 hoc
1852 2534 1969 2566 facere
1993 2535 2167 2568 renuebat

298 2606 363 2626 seu
385 2595 598 2638 renuebant,
629 2598 884 2642 capitulaverat
914 2599 1001 2632 satis
1032 2599 1134 2632 dure.
1164 2600 1343 2640 Profecto,
1373 2599 1424 2631 fili
1454 2599 1654 2639 carissime,
1682 2599 1712 2631 si
1734 2599 1868 2632 dictum
1895 2607 2058 2633 nostrum
2084 2613 2165 2645 pre-

298 2660 432 2693 dictum
463 2663 677 2696 consideres
707 2664 916 2709 diligenter,
946 2666 1110 2710 reperies
1145 2666 1242 2710 quod
1273 2666 1309 2697 in
1340 2665 1468 2698 eodem
1499 2665 1543 2697 de
1574 2665 1714 2698 duabus
1748 2666 1917 2710 personis
1948 2667 1985 2699 fit
2017 2668 2163 2708 mentio.

297 2726 468 2760 videlicet
494 2728 539 2761 de
566 2729 629 2762 illo
657 2731 719 2775 qui
745 2730 854 2764 verba
882 2731 1043 2776 predicta
1071 2731 1177 2764 nobis
1203 2731 1340 2773 retulit,
1366 2732 1428 2776 qui
1453 2743 1493 2764 ea
1518 2731 1884 2776 abaliquo‘doctore
1904 2733 1961 2765 vel
1982 2733 2165 2778 aliquibus

297 2792 510 2827 doctoribus
540 2795 726 2829 asserebat
752 2808 791 2830 se
819 2797 944 2830 eadem
972 2797 1168 2839 audivisse3
1201 2798 1285 2830 item
1306 2797 1346 2830 fit
1366 2798 1500 2830 mentio
1523 2798 1566 2830 de
1588 2797 1735 2830 doctore
1762 2798 1820 2831 vel
1848 2799 2060 2832 doctoribus
2087 2812 2165 2844 pre-

298 2859 408 2892 missa
435 2861 679 2895 referentibus
707 2862 790 2903 sibi,
813 2863 909 2896 unde
930 2875 1122 2908 personam
1151 2863 1247 2896 illam
1271 2875 1340 2908 que
1361 2863 1470 2896 verba
1492 2864 1652 2909 predicta
1670 2875 1688 2896 a
1704 2864 1853 2897 doctore
1873 2865 1931 2898 vel
1953 2865 2164 2899 doctoribus
