2534 3444
397 332 459 365 196
972 343 1292 367 anR'rULAmUM
1326 345 1516 368 umvssns.
1552 344 1680 367 PAnls.
2161 331 2259 368 [1317

395 416 431 449 in
460 416 633 450 membris
660 418 738 451 suis
765 418 876 459 sanis,
904 418 1002 451 veris
1029 425 1064 451 et
1090 418 1269 460 univocis,
1297 426 1336 451 ut
1362 419 1536 458 dicamus,
1564 418 1601 450 in
1627 429 1689 450 ore
1711 428 1778 450 suo
1800 429 1911 462 super
1935 417 2010 458 hiis,
2032 417 2166 450 nullam
2188 417 2260 462 pati

395 483 569 516 meruerit
597 484 904 530 redargutionem,
929 485 1015 529 quin
1037 485 1158 529 potius
1178 484 1280 517 beata
1308 492 1343 517 et
1368 484 1594 517 immaculata
1618 483 1737 528 legem
1759 483 1904 517 Domini
1930 483 2195 517 deambulando
2216 495 2259 517 eo

395 555 486 583 teste
521 550 702 595 persistat,
734 551 857 584 matris
892 551 1008 596 ipsius
1039 552 1131 583 fame
1165 551 1307 583 titulum
1343 550 1467 583 divino
1501 556 1685 595 prestante
1715 550 1837 583 favore
1867 562 1993 583 sanum
2026 562 2091 595 pro
2118 549 2259 584 viribus

394 627 538 649 servare
560 617 748 662 cupientes
771 624 804 650 et
824 617 967 650 illesum
991 623 1025 649 et
1045 617 1155 649 totius
1176 617 1259 649 mali
1280 616 1421 649 radices
1447 616 1605 649 evellere
1629 616 1775 661 penitus
1796 617 1833 649 in
1854 617 2057 662 premissis,
2079 617 2115 649 in
2136 624 2259 650 nostra

394 683 545 727 quadam
567 683 851 728 congregatione
872 682 1034 728 generali
1055 694 1165 727 super
1185 682 1256 715 hiis
1276 682 1371 715 inter
1392 689 1510 715 cetera
1526 683 1599 727 jam
1622 682 1757 715 dudum
1783 682 1944 716 Parisius
1969 683 2064 728 apud
2086 684 2120 716 S.
2143 684 2259 716 Matu-

392 748 511 781 rinum
539 761 639 781 more
667 749 775 782 solito
802 755 995 782 convocata
1023 748 1214 781 statuendo
1241 755 1417 794 perpetuo
1445 748 1614 782 duximus
1642 748 1924 791 observandum,
1953 756 1992 782 ut
2018 749 2195 783 abusores
2219 762 2258 783 ac

392 815 626 860 impetrantes
653 822 688 848 et
715 816 751 847 in
779 815 894 848 abusu
927 815 1064 848 eisdem
1097 814 1269 847 auxilium
1299 821 1504 860 prestantes
1535 822 1570 848 et
1598 816 1760 849 faventes
1792 815 1830 848 in
1859 816 1959 849 curia
1989 816 2258 850 conservatoris

391 881 666 926 privilegiorum
697 888 905 914 nostrorum
935 880 1089 925 aliquam
1120 880 1275 913 litteram
1303 881 1516 923 citatoriam,
1545 882 1604 915 vel
1634 882 1737 915 aliam
1769 882 2058 928 qualemcunque
2089 883 2126 915 in
2151 894 2258 916 causa

391 947 508 992 aliqua
533 960 606 980 non
631 947 830 980 secundum
856 947 1131 991 privilegiorum
1161 954 1368 980 nostrorum
1396 954 1559 981 tenorem
1585 955 1866 994 prosequentes,
1892 940 2001 982 immo
2022 949 2126 982 aliam
2147 948 2258 982 actio-

390 1026 471 1046 nem
493 1014 614 1058 potius
640 1013 827 1054 habentes,
854 1025 958 1057 quam
985 1025 1054 1058 que
1080 1013 1116 1045 in
1142 1013 1233 1058 ipsis
1257 1013 1461 1059 privilegiis
1488 1015 1625 1048 nostris
1655 1015 1875 1057 continetur,
1905 1028 1923 1048 a
1951 1022 2075 1049 nostre
2103 1016 2258 1049 Univer-

389 1080 503 1113 sitatis
525 1079 694 1124 collegio,
718 1079 918 1124 privatione
939 1079 1084 1124 publica
1105 1079 1398 1122 excluderentur,
1424 1087 1459 1114 et
1478 1081 1515 1114 in
1535 1082 1706 1127 expensis
1727 1081 1819 1127 parti
1839 1082 1991 1115 adverse
2012 1082 2258 1127 condempna-

388 1153 525 1187 rentur,
554 1153 588 1178 et
610 1146 750 1187 merito,
778 1145 949 1190 quodque
977 1153 1212 1179 conservator
1241 1147 1319 1192 ipse
1348 1159 1413 1180 seu
1437 1148 1537 1181 vices
1567 1149 1646 1193 ejus
1672 1160 1737 1193 pro
1763 1155 1926 1193 tempore
1952 1160 2086 1193 gerens
2111 1160 2253 1182 causam

386 1212 594 1256 hujusmodi
620 1212 818 1245 remitteret
844 1212 887 1244 ad
907 1212 1069 1256 judicem
1096 1224 1201 1245 suum
1223 1213 1460 1256 ordinarium,
1483 1214 1527 1247 ad
1548 1226 1654 1259 quem
1677 1214 1772 1248 dicte
1793 1226 1900 1248 cause
1921 1215 2082 1260 cognitio
2108 1215 2152 1248 de
2170 1216 2254 1260 jure

385 1279 566 1324 pertinere
596 1279 729 1323 poterit
751 1285 787 1311 et
814 1277 977 1320 debebit,
1010 1285 1118 1324 prout
1145 1279 1211 1312 hec
1237 1287 1272 1313 et
1298 1280 1365 1313 alia
1393 1281 1430 1313 in
1460 1280 1677 1326 quibusdam
1708 1281 1844 1315 nostris
1876 1281 2008 1315 litteris
2042 1293 2153 1327 super
2186 1281 2254 1315 hoc

383 1345 558 1378 consectis
580 1344 647 1377 sub
673 1344 796 1389 sigillo
824 1352 950 1378 nostro
978 1352 1013 1378 et
1037 1345 1276 1391 solempniter
1303 1359 1367 1391 per
1393 1347 1509 1380 edicta
1534 1348 1719 1393 generalia
1744 1347 1937 1393 publicatis
1966 1347 2111 1393 plenius
2139 1349 2254 1381 conti-

383 1412 545 1450 nentur’,
578 1418 766 1456 sperantes
796 1411 876 1456 ipso
904 1418 1036 1445 statuto
1067 1412 1261 1454 mediante,
1290 1420 1325 1446 et
1352 1419 1390 1446 ut
1417 1413 1549 1455 decuit,
1582 1413 1775 1448 observato
1805 1414 1951 1460 penitus
1979 1415 2135 1448 evitasse
2161 1414 2254 1448 Cha-

382 1477 528 1519 ribdim,
558 1490 639 1510 cum
664 1484 782 1510 tamen
810 1490 875 1522 per
900 1477 952 1510 rei
978 1478 1195 1511 evidentiam
1225 1480 1444 1512 contrarium
1474 1481 1521 1513 sit
1541 1481 1783 1514 manifestum.
1811 1481 2041 1526 Quapropter
2065 1481 2161 1514 utin
2181 1480 2253 1514 hiis

382 1551 414 1577 et
437 1557 476 1577 ea
503 1544 737 1589 tangentibus
766 1544 884 1577 omnis
908 1544 1055 1578 tollatur
1084 1545 1220 1578 erroris
1249 1546 1396 1579 materia
1424 1553 1457 1579 et
1488 1559 1671 1592 nunquam
1701 1554 1885 1592 prestante
1911 1547 2066 1580 Domino
2093 1547 2253 1581 reditura

381 1611 526 1656 penitus
552 1617 754 1652 evanescat,
783 1617 1067 1656 nostrorumque
1097 1611 1373 1656 privilegiorum
1398 1613 1644 1658 predictorum
1671 1621 1776 1647 tenor
1797 1620 1831 1647 et
1856 1626 1946 1647 usus
1972 1614 2008 1646 in
2034 1613 2127 1647 dicta
2153 1613 2253 1647 curia

380 1678 517 1722 absque
538 1677 700 1722 cujusvis
722 1677 957 1722 malignitatis
986 1678 1159 1723 scrupulo
1185 1690 1249 1712 seu
1272 1678 1474 1725 calumpnia
1503 1687 1711 1725 permaneat
1737 1681 1773 1713 in
1794 1681 1968 1722 futurum,
1991 1681 2118 1713 iterato
2140 1691 2252 1725 super

379 1744 445 1777 hec
471 1751 505 1777 et
534 1744 577 1777 ad
605 1744 671 1777 hec
701 1744 908 1789 specialiter
935 1751 973 1777 ut
1000 1745 1112 1778 moris
1138 1751 1193 1778 est
1219 1745 1263 1778 ad
1290 1747 1611 1792 congregationem
1642 1747 1851 1792 generalem
1877 1747 1914 1779 in
1940 1747 2097 1792 capitulo
2124 1758 2251 1791 supra-

380 1811 475 1844 dicto
497 1810 684 1844 convocati
710 1817 881 1844 statutum
907 1810 1150 1856 approbantes
1175 1812 1394 1846 antedictum
1417 1813 1515 1846 aliud
1536 1813 1654 1846 eidem
1680 1813 1879 1846 adicientes
1901 1813 2088 1858 perpetuis
2111 1820 2251 1858 tempo-

379 1877 481 1910 ribus
503 1878 608 1911 etiam
634 1877 911 1911 observandum.
942 1877 1048 1920 Quod
1075 1877 1199 1911 nullus
1225 1878 1397 1912 videlicet
1422 1880 1596 1925 magister
1621 1887 1682 1913 aut
1708 1880 1860 1914 scolaris
1881 1880 1925 1913 de
1947 1886 2070 1913 nostra
2094 1879 2250 1913 Univer-

380 1944 495 1977 sitatis
521 1944 661 1989 gremio
684 1944 843 1977 existens
864 1944 1004 1977 litteras
1024 1944 1207 1977 citatorias
1228 1946 1439 1979 auctoritate
1466 1946 1757 1980 conservationis
1778 1946 1940 1991 predicte
1962 1946 2251 1991 qualescunque,

380 2011 571 2043 occasione
598 2010 768 2044 videlicet
791 2010 949 2055 pedagii,
972 2011 1205 2044 extractionis
1229 2018 1327 2045 extra
1352 2024 1476 2046 muros
1501 2013 1743 2055 Parisienses,
1764 2025 1875 2058 super
1900 2012 2063 2046 advocati
2088 2012 2146 2046 vel
2166 2024 2250 2057 pro-

380 2077 557 2110 curatoris
578 2076 777 2122 patrocinio
799 2077 836 2109 in
858 2077 950 2110 dicta
973 2077 1072 2110 curia
1091 2077 1150 2111 vel
1171 2078 1370 2111 secundum
1393 2085 1564 2121 anteacta,
1587 2086 1647 2113 aut
1667 2079 1754 2113 alias
1779 2078 2068 2124 quomodolibet,
2091 2091 2134 2111 ex
2154 2089 2250 2112 nunc

380 2144 416 2176 in
444 2150 547 2176 antea
582 2142 650 2176 sub
680 2149 854 2188 perpetue
884 2143 1098 2188 privationis
1133 2156 1223 2189 pena
1251 2156 1269 2178 a
1301 2151 1423 2178 nostra
1454 2145 1698 2179 Universitate
1724 2152 1931 2186 memorata,
1959 2144 2189 2178 libertatibus
2215 2151 2251 2178 et

380 2209 666 2243 immunitatibus
695 2210 871 2254 ejusdem,
901 2210 1094 2255 impetrare
1125 2211 1384 2255 quoquomodo
1413 2219 1637 2256 presumant,
1664 2212 1735 2245 nisi
1765 2212 1932 2257 primitus
1961 2218 1995 2244 et
2019 2217 2101 2244 ante
2130 2211 2250 2244 omnia

378 2276 495 2321 ipsius
523 2275 674 2309 scolaris
702 2283 762 2308 aut
787 2276 951 2321 magistri
979 2276 1154 2321 petitione
1181 2289 1299 2310 coram
1328 2277 1440 2311 nobis·
1460 2278 1552 2311 lecta
1573 2285 1609 2311 et
1628 2279 1790 2324 exposita
1812 2290 1876 2323 per
1901 2284 2079 2311 rectorem
2101 2277 2162 2322 qui
2183 2288 2248 2322 pro

379 2350 540 2388 tempore
570 2343 690 2384 suerit,
718 2349 751 2375 et
779 2342 1033 2375 informatione
1064 2355 1129 2387 per
1156 2355 1222 2377 nos
1251 2355 1315 2377 seu
1342 2344 1534 2389 deputatos
1561 2357 1580 2378 a
1605 2344 1712 2378 nobis
1739 2356 1851 2390 super
1876 2356 1916 2377 ea
1942 2343 2135 2377 sufficienti
2166 2354 2248 2388 pre-

378 2410 509 2451 habita,
532 2410 609 2454 ipsa
636 2409 761 2454 petitio
783 2421 801 2442 a
822 2415 962 2442 rectore
984 2416 1019 2442 et
1040 2409 1220 2454 deputatis
1241 2422 1259 2443 a
1280 2410 1387 2444 nobis
1413 2412 1580 2456 signetur
1600 2412 1770 2445 admissa.
1798 2410 1940 2454 Quibus
1962 2410 2013 2443 sic
2035 2409 2247 2442 deliberatis

379 2489 396 2508 a
422 2476 542 2515 nobis,
571 2476 712 2508 statutis
738 2482 771 2508 et
799 2475 988 2517 ordinatis,
1017 2487 1057 2508 ea
1084 2488 1148 2521 per
1176 2476 1403 2522 Radulphum
1432 2478 1620 2511 Benedicti
1647 2477 1832 2523 publicum
1858 2476 2057 2522 apostolica
2081 2482 2117 2508 et
2135 2475 2248 2520 impe-

381 2543 458 2575 riali
492 2542 702 2575 auctoritate
732 2549 766 2575 et
795 2542 902 2574 nobis
931 2543 1090 2587 juratum
1122 2543 1300 2576 notarium
1331 2543 1441 2576 scribi
1471 2545 1735 2586 mandavimus,
1770 2550 1968 2588 nostroque
2008 2542 2131 2587 sigillo
2166 2553 2247 2574 cum

380 2609 486 2654 signo
515 2615 549 2641 et
572 2608 840 2653 subscriptione
865 2609 1028 2653 ejusdem
1051 2609 1094 2642 ad
1118 2616 1327 2654 perpetuam
1351 2610 1403 2643 rei
1425 2611 1633 2644 memoriam
1657 2610 1886 2644 communiri.
1918 2611 2046 2642 Datum
2071 2615 2106 2642 et
2130 2613 2247 2641 aetum

379 2675 538 2708 Parisius
574 2675 611 2706 in
645 2681 768 2707 nostra
805 2675 1090 2720 congregatione
1121 2676 1295 2720 predicta,
1324 2689 1418 2710 anno
1444 2677 1589 2710 Domini
1620 2677 1814 2710 millesimo
1844 2675 2100 2710 trecentesimo
2128 2680 2247 2707 sexto-

379 2741 533 2782 decimo,
562 2740 760 2772 indictione
788 2752 845 2781 xv,
868 2741 925 2773 die
946 2741 1044 2785 jovis
1072 2749 1152 2786 post
1175 2743 1462 2776 Conversionem
1488 2743 1582 2777 beati
1613 2744 1714 2777 Pauli
1743 2743 1899 2789 apostoli
1925 2742 2097 2776 vicesima
2122 2740 2245 2785 quinta

380 2807 516 2840 mensis
541 2806 731 2842 Januarii&
757 2806 987 2850 pontificatus
1014 2807 1150 2840 domiui
1179 2808 1354 2842 Johannis
1382 2810 1503 2843 divina
1531 2810 1757 2855 providentia
1785 2821 1875 2854 pape
1901 2807 2065 2841 vicesimi
2093 2805 2245 2839 secundi

378 2885 471 2907 anno
496 2873 623 2918 primo.
