2534 3444
284 335 380 372 1321]
683 347 729 368 AB
764 345 869 368 Anno
903 345 1139 367 MCCLxxxvi
1174 344 1305 373 USQUE
1339 345 1387 366 An
1421 344 1560 366 ANNUM
1595 345 1737 367 MCCCL.
2081 338 2145 370 245

282 420 412 454 debeat
438 431 620 461 revocare,
643 418 741 464 quod
766 430 805 451 se
830 419 1007 451 facturum
1035 418 1152 451 dictus
1177 417 1362 451 Johannes
1388 417 1579 450 efficaciter
1601 418 1839 462 repromisit³.
1868 419 1944 450 Dat.
1967 419 2145 453 Avinione

374 585 436 615 Reg.
451 583 507 606 Vnt.
520 583 619 606 Comm.
629 581 757 606 Johannis
773 582 850 610 XXII,
867 590 908 605 an.
924 583 945 610 5,
959 590 986 613 p.
1003 582 1025 610 2,
1039 589 1080 612 ep.
1095 581 1165 610 1104,
1178 581 1222 604 fol.
1240 581 1293 604 130.
1305 582 1383 605 Aven.
1401 582 1453 605 vol.
1468 582 1531 610 XIV,
1548 582 1592 605 sol.
1610 583 1663 606 247,
1675 596 1707 599 -
1717 582 1939 613 Transsumptum
1955 583 2146 614 archiepiscopi

281 628 390 651 Othonis
409 626 644 658 Magdeburgcnsis
660 634 703 649 an.
721 626 789 654 1331,
803 626 867 649 Julii
883 627 921 654 24,
938 625 963 648 111
976 625 1158 652 Nordhausen,
1173 633 1232 648 cum
1248 625 1345 656 sigillo.
1363 625 1487 657 Episcopi
1503 626 1606 648 Henrici
1621 626 1848 657 Naumburgcnsis
1864 634 1905 649 an.
1921 627 1990 655 1324,
2007 627 2093 649 Martii
2109 628 2150 656 30,

279 672 306 695 in
322 671 442 699 Weimar,
458 671 534 694 Arch.
552 671 650 694 Status.
666 670 706 693 Cf.
720 670 827 700 Pdpscz.
846 670 1000 694 Urkunden
1021 676 1051 693 u.
1071 669 1207 699 Reqesten
1226 676 1280 694 aus
1294 671 1347 694 den
1368 670 1476 694 Jahren
1500 670 1693 697 1295-1352‚
1710 671 1750 693 ed.
1768 670 1798 694 G.
1819 670 1938 693 Schmidt
1958 671 2050 699 (Helle.
2068 671 2148 700 1886),

279 725 306 748 p.
323 716 376 739 128.
393 715 461 738 Bibl.
482 715 555 738 Caes.
576 714 687 737 Vindob.
711 723 774 738 mss.
798 715 844 737 lat.
867 715 936 742 5099,
963 714 1007 738 fol.
1024 715 1066 742 29;
1090 715 1160 743 5483,
1177 714 1221 737 fol.
1241 715 1299 742 2095
1321 714 1406 742 11857,
1424 715 1467 737 sol.
1485 715 1538 737 307.
1567 714 1635 738 Bibl.
1659 714 1801 741 Aurelian.¹
1825 715 1944 742 1115.199,
1966 715 2009 737 fol.
2036 717 2057 737 5.
2079 715 2146 738 Bibl.

280 760 410 791 Amplon„
421 759 451 787 Q.
466 763 494 782 n⁰
509 759 562 786 151,
576 759 620 782 sol.
637 759 659 782 1.
676 758 780 782 Litteris
797 758 940 781 Innocentii
952 759 985 781 VI
1000 758 1017 789 ij
1030 758 1064 781 id.
1081 758 1201 781 Decemh.
1219 766 1260 781 an.
1278 758 1392 781 secundo
1407 759 1487 789 (1354,
1504 758 1625 782 Decemb.
1640 759 1677 788 12)
1694 759 1727 781 ad
1742 758 1940 790 requisitionem
1956 759 2052 790 prioris
2069 767 2148 789 gene-

280 804 344 828 ralis
362 804 424 828 Ord.
438 803 545 827 Eremit.
558 803 584 826 S.
598 802 736 834 Augustini
751 802 850 826 inserta
866 802 892 825 in
908 803 970 834 Reg.
982 803 1039 825 Vnt.
1057 802 1199 825 Innocentii
1218 803 1260 832 Vl,
1271 802 1369 825 Comm.
1386 804 1423 832 (11ο
1438 803 1501 832 226),
1519 803 1563 825 sol.
1580 803 1634 826 240.
1654 803 1759 826 Extrav.
1769 811 1863 826 comm.
1874 803 1910 826 De
1923 803 2071 826 haereticis.
2084 803 2112 831 Vy
2125 804 2147 832 3,

280 849 325 872 ubi
347 848 415 872 sicut
436 848 506 879 apud
524 847 660 875 Bulaeum,
677 847 718 875 lv,
735 847 788 875 187,
814 850 839 870 et
856 847 920 870 alibi
942 855 1082 878 perperam
1106 855 1117 870 «
1142 847 1187 878 viij
1208 847 1259 870 kal.
1282 855 1303 870 ».
1322 847 1518 871 Firmamenta
1539 847 1627 871 trium
1649 847 1790 871 aretinum
1808 848 1835 871 S.
1854 847 2001 871 Francisei
2020 847 2147 876 (Parisiis,

280 893 359 923 1512),
374 894 387 916 2
402 895 481 924 part.,
492 895 524 915 tr.
541 891 564 920 1,
581 891 625 915 tol.
641 892 680 915 28.

373 978 395 1000 1.
412 977 452 1000 Cf.
464 984 544 1008 supra
560 980 588 999 n⁰
603 977 656 999 764.
668 989 699 993 -
709 977 730 999 2.
745 975 858 999 Johanni
874 976 905 998 de
921 975 1035 998 Pollinco
1049 978 1101 998 tres
1118 983 1220 998 errores
1234 975 1259 998 in
1273 975 1399 999 Citatorio
1416 976 1441 1005 (1.
1459 984 1492 1003 0.,
1507 977 1588 1005 notu),
1604 979 1629 998 et
1644 976 1672 998 ¹13
1684 975 1729 998 alii
1745 976 1840 1007 objecti
1857 979 1918 998 sunt
1934 976 1959 998 in
1976 975 2147 1003 Consistorio,

280 1021 325 1053 qui
340 1021 507 1052 reperiuntur
522 1021 548 1043 in
564 1021 631 1044 Bibl.
649 1021 722 1044 Caes.
732 1020 844 1043 Vindob.
861 1020 921 1042 2168
937 1021 1013 1050 (saec.
1031 1020 1093 1049 xiv),
1112 1020 1156 1042 fol.
1172 1020 1240 1047 1-12,
1257 1027 1316 1042 011111
1329 1019 1428 1051 judicio
1443 1020 1513 1043 Petri
1526 1020 1557 1043 de
1574 1020 1679 1043 Paludc.
1698 1020 1791 1043 Coram
1803 1020 1983 1043 cardinalibus
1993 1019 2149 1043 Consistorii

281 1075 292 1089 (‹
306 1066 438 1089 Johannes
454 1066 485 1088 de
500 1065 566 1088 Poili
581 1073 592 1087 >J
609 1073 766 1096 responsum
784 1064 856 1087 dedit
871 1064 903 1087 ad
919 1064 1006 1087 omnia
1022 1064 1072 1086 sibi
1087 1064 1189 1095 objecta
1204 1064 1292 1087 dicens
1310 1065 1405 1087 falsum
1419 1064 1470 1087 sihi
1486 1064 1594 1095 imponi,
1613 1073 1624 1087 «
1640 1072 1687 1087 nec
1702 1064 1852 1087 mirandum
1868 1064 1890 1087 si
1906 1065 1931 1087 111
1948 1073 2005 1087 mea
2020 1064 2149 1093 absentia,

280 1110 326 1133 ubi
347 1110 512 1133 resistentem
527 1118 578 1132 non
600 1109 755 1132 invenerunt
770 1109 850 1131 michi
865 1109 932 1131 falsa
948 1109 1137 1140 imposuerunt,
1158 1108 1220 1139 quia
1239 1112 1307 1131 recte
1328 1108 1354 1131 in
1377 1109 1418 1132 die
1439 1109 1664 1132 determinationis
1689 1117 1745 1132 mee
1765 1109 1806 1132 die
1829 1109 1951 1132 mercurii
1972 1113 2030 1132 ante
2054 1110 2149 1132 festum

278 1155 442 1178 Pentecostes
458 1154 584 1185 magister
599 1154 711 1176 fratrum
726 1153 855 1176 Minorum
870 1152 988 1176 Parisius
1003 1152 1164 1176 contrarium
1179 1152 1234 1183 ejus
1250 1153 1319 1184 quod
1335 1161 1382 1183 ego
1398 1153 1514 1176 dixeram
1530 1153 1556 1175 in
1572 1161 1656 1181 mane,
1673 1153 1774 1184 accepit
1789 1153 1814 1175 in
1831 1153 1906 1176 nonis
1922 1153 1947 1175 in
1964 1161 2011 1175 sua
2027 1153 2149 1184 (lisputa-

278 1199 357 1227 tione,
372 1198 417 1221 uhi
432 1201 601 1221 surrexerunt
616 1197 691 1220 multi
710 1197 855 1220 hachalarii
871 1200 895 1220 et
910 1197 1025 1220 scolares
1041 1197 1155 1220 dicentes
1172 1197 1195 1220 ei
1211 1204 1216 1220 z
1234 1197 1369 1228 Magister,
1386 1197 1454 1220 male
1467 1197 1636 1220 intentionem
1652 1197 1774 1228 magistri
1793 1197 1921 1220 Johannis
1942 1198 1973 1220 (10
1993 1197 2058 1220 Ρ11111
2080 1197 2149 1220 11001-

280 1243 352 1274 pitis,
369 1243 430 1274 quin
445 1243 501 1273 ipse
514 1242 579 1265 dixit
593 1245 677 1265 totum
691 1242 860 1265 contrarium.
878 1242 910 1264 Et
929 1242 978 1264 fuit
992 1241 1028 1264 ibi
1052 1244 1139 1264 tantus
1161 1242 1260 1264 clamor
1280 1242 1350 1272 quod
1366 1242 1407 1264 vix
1422 1242 1508 1272 potuit
1523 1242 1659 1272 disputare
1675 1250 1696 1270 )),
1713 1246 1760 1266 etc.
1783 1242 1848 1265 Ibid.
1868 1242 1910 1265 tol.
1931 1242 1965 1264 14.
1983 1242 2046 1264 Tres
2063 1245 2149 1264 tamen

282 1296 363 1318 supra
378 1287 461 1310 editos
477 1287 602 1310 articulos
616 1286 746 1312 concedit:
763 1286 865 1317 primus
881 1286 1028 1309 continetur
1043 1285 1069 1308 111
1085 1286 1111 1308 11
1127 1285 1251 1313 articulo;
1269 1286 1398 1308 secundus
1414 1289 1439 1308 et
1453 1286 1545 1308 tertius
1562 1286 1587 1308 in
1598 1287 1611 1308 4
1628 1286 1748 1309 articulo.
1765 1286 1819 1308 Fol.
1834 1287 1908 1309 17-35
1925 1286 2042 1317 sequitur
2059 1294 2070 1308 «
2087 1294 2149 1308 0011-

279 1331 362 1354 clusio
378 1332 409 1354 fr.
426 1331 495 1354 Petri
510 1331 542 1354 de
557 1331 654 1354 Palude
670 1333 760 1353 contra
776 1330 974 1360 responsionem
987 1330 1075 1352 datam
1090 1338 1137 1360 per
1155 1338 1223 1360 mag.
1241 1330 1387 1352 Johannem
1401 1330 1432 1352 de
1447 1330 1511 1360 Poly
1527 1338 1549 1358 ›>‚
1566 1333 1590 1353 ct
1606 1330 1716 1361 incipit:
1740 1339 1751 1353 «
1772 1330 1868 1353 Omnes
1884 1330 1989 1353 articuli
2008 1333 2034 1353 ct
2051 1329 2149 1360 singuli

281 1379 371 1399 contra
386 1384 456 1406 mag.
473 1375 619 1398 Johannem
633 1375 664 1397 de
683 1375 757 1405 Polly
777 1383 807 1397 ex
828 1374 910 1397 officio
933 1374 1031 1396 domini
1051 1374 1134 1396 nostri
1153 1374 1292 1405 propositi,
1310 1374 1388 1397 etiam
1408 1374 1447 1396 illi
1465 1374 1509 1405 qui
1529 1382 1576 1405 per
1597 1383 1655 1397 011111
1673 1374 1815 1397 verbaliter
1836 1378 1897 1397 sunt
1918 1374 2013 1405 negati,
2030 1374 2056 1397 ix
2079 1377 2104 1397 et
2125 1374 2150 1396 xi

281 1420 404 1451 exceptis,
420 1427 468 1450 per
485 1419 539 1450 ejus
555 1418 747 1441 consessionem
762 1418 788 1441 in
805 1418 859 1441 suis
874 1418 1091 1449 responsionibus
1105 1417 1211 1440 realiter
1227 1421 1287 1441 sunt
1302 1418 1416 1449 probati,
1434 1418 1501 1440 sicut
1516 1421 1588 1449 patet
1602 1426 1650 1449 per
1666 1418 1785 1449 singulos
1802 1418 1926 1441 articulos
1943 1418 2114 1441 discurrendo
2129 1426 2150 1441 ».

281 1465 323 1488 Sic
338 1467 362 1487 et
379 1465 422 1487 sol.
440 1464 483 1486 101
500 1471 505 1486 ’.
518 1472 529 1486 (1
545 1463 737 1494 Responsiones
754 1464 813 1486 frat.
828 1462 898 1485 Petri
911 1463 942 1485 de
957 1462 1054 1485 Palude
1070 1462 1102 1485 ad
1118 1470 1148 1485 ea
1163 1470 1212 1493 que
1226 1462 1276 1485 sibi
1291 1462 1418 1493 imposuit
1432 1471 1501 1493 mag.
1518 1463 1651 1485 Johannes
1670 1463 1701 1485 (10
1715 1463 1848 1486 Pollhiaco
1860 1463 1922 1485 dum
1938 1463 1970 1485 ad
1986 1463 2087 1494 objecta
2101 1463 2150 1485 sibi

281 1509 314 1532 ab
330 1508 389 1531 aliis
405 1508 473 1531 idem
489 1508 616 1539 magister
630 1507 763 1531 ι1011001105
780 1507 805 1529 111
826 1506 982 1529 consistorio
1006 1507 1177 1537 responderet
1192 1516 1214 1534 »‚
1230 1510 1279 1530 ete.
1298 1520 1329 1524 —
1349 1508 1370 1529 3.
1392 1507 1462 1529 Inter
1475 1515 1540 1538 quos
1556 1510 1612 1529 erat
1626 1515 1695 1538 mag.
1712 1508 1803 1530 Petrus
1818 1508 1848 1530 (10
1864 1508 1961 1530 Paludc
1980 1507 2041 1532 Ord.
2059 1508 2151 1531 Praed.

281 1566 309 1570 —
325 1554 348 1576 4.
364 1553 391 1575 In
405 1553 468 1583 Reg.
479 1552 579 1575 Comm.
595 1559 600 1575 t
621 1560 633 1574 «
649 1560 697 1574 sua
712 1559 734 1574 ›>.
750 1565 781 1568 —
792 1553 813 1574 5.
831 1552 859 1574 V.
872 1555 901 1573 n0
917 1552 969 1574 799.
991 1551 1053 1574 Post
1069 1551 1118 1573 hoe
1134 1551 1216 1573 altum
1237 1550 1370 1573 silentium
1386 1551 1417 1573 dc
1433 1551 1551 1574 Johanne
1567 1551 1598 1573 (10
1615 1551 1738 1574 Polliaco,
1756 1551 1878 1582 Legimus
1893 1555 1994 1574 tantum
2012 1552 2151 1582 quemdam

283 1597 453 1620 «Johannem
473 1597 504 1619 de
525 1596 619 1627 Poilhy
641 1604 652 1618 ›>
675 1604 716 1619 an.
738 1596 807 1624 1322,
830 1596 890 1619 Jun.
915 1596 951 1623 13,
978 1596 1075 1618 sactum
1096 1603 1153 1618 csse
1177 1595 1332 1618 canonicum
1354 1595 1446 1618 eccles.
1473 1596 1498 1618 S.
1526 1595 1703 1626 Simphoriani
1727 1596 1847 1619 Remens.
1874 1596 1945 1626 (Reg.
1971 1596 2029 1619 Yat.
2051 1596 2150 1619 Comm.

281 1640 340 1665 Joh.
357 1642 434 1670 XXII,
450 1649 492 1663 an.
509 1642 531 1670 ὃ,
548 1649 588 1672 ep.
607 1641 685 1672 1503).

283 1766 393 1803 799.
420 1775 528 1801 Cedula
543 1775 730 1801 revocationis
749 1775 882 1810 magistri
896 1775 1035 1801 Iohannis
1050 1775 1085 1801 de
1105 1773 1234 1800 Polliaco
1255 1784 1341 1810 quam
1359 1775 1428 1809 legit
1448 1775 1483 1801 de
1504 1775 1583 1801 verbo
1600 1775 1640 1800 ad
1658 1775 1768 1801 verbum
1785 1775 1910 1801 Parisiis
1928 1776 1955 1800 in
1977 1775 2064 1801 scolis
2079 1776 2150 1811 sais,

372 1824 421 1850 ubi
435 1824 513 1850 alias
529 1824 622 1859 legere
638 1828 831 1850 consueverat.

1461 1873 1531 1901 1321,
1546 1875 1609 1905 post
1621 1873 1683 1899 dasii
1693 1874 1736 1903 24,
1753 1874 1865 1899 Parisiis.

371 1948 572 1989 Carissimi,
604 1959 670 1981 vos
699 1947 756 1981 vel
786 1947 897 1992 aliqui
926 1955 1085 1981 vestrum
1115 1947 1146 1980 si
1172 1947 1333 1981 recolitis
1359 1947 1446 1980 satis
1474 1947 1571 1992 quod
1593 1948 1665 1992 jam
1698 1947 1834 1980 dudum
1865 1947 1902 1980 in
1932 1948 2012 1980 istis
2041 1948 2151 1981 scolis

282 2014 376 2047 inter
405 2021 523 2047 cetera
558 2014 622 2047 tria
658 2014 743 2047 dixi.
779 2015 908 2048 Primo
941 2014 1217 2047 determinando
1253 2026 1317 2047 seu
1352 2014 1518 2046 docendo
1554 2014 1627 2046 dixi
1662 2014 1759 2059 quod
1788 2014 1947 2047 confessi
1980 2014 2151 2047 fratribus

282 2080 500 2114 habentibus
529 2081 711 2114 licentiam
743 2081 952 2126 generalem
987 2081 1158 2114 audiendi
1194 2081 1446 2113 consessiones
1480 2087 1649 2113 tenentur
1683 2081 1812 2113 iterum
1848 2081 1971 2113 eadem
2008 2088 2151 2126 peccata

282 2147 447 2180 confiteri
468 2147 615 2192 proprio
637 2148 828 2180 sacerdoti.
857 2149 901 2180 Et
920 2147 987 2180 1100
1011 2147 1105 2180 idem
1130 2147 1311 2192 predicavi
1334 2147 1548 2180 Cameraci¹.
1577 2148 1665 2179 Item
1686 2146 1833 2180 secundo
1855 2147 1890 2179 in
1912 2147 1991 2180 istis
2014 2148 2150 2180 eisdem

283 2213 393 2246 scolis
415 2213 488 2246 dixi
511 2213 718 2258 replicando
741 2225 806 2247 seu
827 2214 1015 2259 arguendo
1039 2220 1163 2246 contra
1186 2213 1432 2257 adversarium
1457 2213 1554 2258 quod
1579 2220 1694 2246 stante
1716 2220 1848 2246 statuto
1871 2214 1993 2247 Omnis
2014 2214 2150 2247 utrius—

282 2291 344 2325 que
369 2291 474 2314 sexus
499 2280 646 2313 omnino
672 2281 709 2313 in
732 2280 859 2325 vigore
880 2292 960 2321 suo,
983 2280 1034 2313 sic
1061 2280 1158 2325 quod
1184 2292 1257 2312 non
1279 2280 1325 2312 sit
1346 2291 1456 2324 super
1477 2292 1519 2311 00
1541 2280 1577 2311 111
1599 2279 1719 2324 aliquo
1746 2279 1994 2324 dispensatum
2017 2292 2083 2312 1100
2105 2280 2152 2312 sit

282 2345 320 2378 in
340 2345 461 2390 aliquo
492 2353 716 2388 revocatum,
740 2359 829 2392 papa
856 2359 929 2379 non
959 2353 1079 2391 potest
1112 2346 1230 2378 facere
1256 2346 1353 2390 quod
1379 2345 1538 2378 confessi
1568 2345 1740 2377 fratribus
1770 2345 2063 2378 Prcdicatoribus
2093 2346 2150 2379 vel

283 2412 488 2445 Minoribus
510 2424 581 2445 non
602 2419 792 2446 teneantur
820 2413 950 2445 iterum
973 2413 1098 2445 eadem
1120 2419 1263 2457 peccata
1284 2412 1450 2444 confiteri
1471 2412 1619 2456 proprio
1641 2411 1835 2453 sacerdoti⁷
1857 2412 1965 2443 immo
1991 2412 2151 2457 implicat

284 2478 618 2511 contradictionem.
652 2480 739 2512 Item
770 2479 880 2512 tertio
910 2479 946 2511 in
977 2479 1113 2511 eisdem
1147 2478 1219 2510 dixi
1247 2478 1345 2523 quod
1374 2490 1463 2522 papa
1489 2489 1560 2509 non
1586 2484 1703 2522 potest
1729 2478 1846 2510 saccrc
1873 2478 1969 2522 quod
1991 2479 2150 2512 confessi

283 2544 455 2577 fratribus
490 2544 708 2578 habentibus
745 2545 925 2578 licentiam
961 2545 1187 2590 gencralem²
1216 2544 1387 2577 audiendi
1418 2544 1671 2576 confessiones
1706 2556 1778 2576 non
1803 2550 1994 2577 teneantur
2020 2545 2149 2582 iterum

285 2610 409 2643 eadem
435 2617 579 2655 peccata
595 2611 760 2644 confiteri
781 2611 929 2656 proprio
952 2611 1146 2652 sacerdoti,
1168 2610 1352 2643 intellecto
1374 2610 1472 2655 quod
1493 2610 1692 2655 significat³
1710 2610 1861 2643 licencic
1884 2611 2047 2655 generali
2069 2612 2151 2657 quia

283 2676 444 2709 facerent
472 2677 569 2721 quod
600 2677 746 2710 licentia
775 2677 957 2722 generalis
990 2683 1089 2709 esset
1114 2676 1259 2709 licentia
1287 2675 1469 2721 specialis,
1493 2675 1591 2720 quod
1613 2688 1685 2708 non
1706 2682 1826 2721 potest
1851 2676 1942 2718 fieri,
1966 2677 2060 2710 sicut
2084 2690 2150 2711 nec

284 2749 405 2788 potest
429 2743 507 2776 fieri
533 2743 631 2788 quod
656 2743 764 2776 homo
791 2743 838 2776 sit
862 2743 998 2776 asinus.
1026 2743 1103 2786 Que
1126 2742 1191 2775 tria
1219 2742 1313 2775 dicta
1344 2742 1380 2774 in
1407 2742 1626 2774 consistorio
1648 2742 1684 2774 in
1712 2742 1903 2788 presencia
1931 2744 2151 2777 sanctissimi

284 2809 321 2841 in
349 2809 495 2842 Christo
523 2810 634 2854 patris
660 2816 695 2842 et
720 2809 857 2842 domini
883 2809 998 2842 nostri
1020 2809 1157 2842 domini
1183 2809 1314 2841 summi
1340 2808 1523 2854 pontificis
1545 2808 1635 2841 etin
1656 2809 1839 2854 presentia
1865 2810 2149 2843 reverendorum

285 2875 321 2908 in
342 2875 488 2909 Christo
509 2883 649 2922 patrum
671 2876 901 2909 dominorum
923 2875 1157 2909 cardinalium
1179 2875 1358 2917 revocavi7
1377 2875 1459 2920 quia
1479 2874 1567 2907 salsa
1589 2882 1685 2917 sunt,
1709 2882 1743 2908 et
1764 2876 1888 2908 eadem
1910 2888 2028 2909 coram
2045 2877 2150 2910 vobis
