2534 3444
186 2244 304 2268 Fon'rns.

183 2385 299 2410 chartul.

413 336 500 358 XVIII
986 335 1301 358 CHARTULARIUM
1335 335 1523 358 UNIVERS.
1560 335 1687 359 PARIS.

511 411 618 446 Notas
646 410 753 458 hujus
780 411 933 457 generis,
956 410 983 445 si
1004 410 1142 445 omittat
1168 410 1196 445 is
1221 409 1281 456 qui
1311 409 1574 445 chartularium
1602 409 1846 445 Universitatis
1878 410 2092 457 aggreditur,
2122 410 2270 446 scientia

413 492 554 528 semper
568 480 794 524 desiderabit,
812 485 871 516 aut
887 481 946 516 alii
965 485 1042 527 post
1057 484 1201 516 venturo
1217 480 1311 515 idem
1331 479 1431 516 labor
1445 480 1488 516 ab
1509 481 1646 527 integro
1661 480 1869 516 ordiendus.
1888 481 2062 528 Equidem
2083 480 2268 516 materiam

413 563 485 587 non
500 551 705 587 exhaustam
721 563 741 587 a
756 551 857 587 nobis
873 551 1042 595 fatemur3
1061 551 1155 598 quod
1170 550 1259 586 nulli
1280 551 1438 586 daretur.
1465 552 1649 588 Praeterea
1670 551 1790 586 multis
1810 550 2016 587 nominibus
2037 563 2268 599 personarum

412 622 507 669 parvi
535 622 704 658 momenti
729 626 827 658 notas
851 633 1027 670 apponere
1050 621 1181 658 conscii
1206 621 1391 657 omisimus
1400 635 1408 664 ;
1432 622 1506 669 jam
1535 621 1714 669 longiores
1741 625 1877 658 nostras
1906 621 1995 658 forte
2022 626 2125 658 notas
2154 622 2267 658 critici

410 692 604 729 invenient.

507 763 662 800 Tandem
682 775 724 800 ex
743 764 897 811 Regestis
920 775 1091 811 paparum
1113 766 1253 810 tempus
1275 774 1344 810 quo
1373 762 1609 801 Universitatis
1630 763 1790 799 membra
1809 763 1965 811 episcopi
1990 763 2044 799 vel
2067 764 2267 800 cardinales

411 834 492 870 sacti
508 838 590 870 sunt
604 835 743 882 saepius
759 834 1037 878 emendavimus,
1056 834 1099 869 de
1114 846 1184 881 quo
1201 837 1359 881 tempore
1376 834 1601 881 generaliter,
1623 833 1798 881 imprimis
1814 835 1858 870 de
1873 834 2069 878 mensibus,
2092 834 2173 870 libri
2187 835 2269 871 doc-

412 904 535 940 tissimi
552 905 730 951 erroribus
745 909 892 941 scatent.
912 905 1015 940 Falsa
1029 905 1213 952 hucusque
1229 908 1370 951 recepta
1383 908 1543 954 tempora
1565 916 1637 941 non
1656 916 1797 952 semper
1811 905 2015 948 retulimus3
2038 905 2139 941 adeat
2158 905 2268 942 lector

411 977 524 1019 GAMS,
537 976 652 1012 Series
667 977 826 1023 episcop„
843 976 975 1011 librum
990 987 1030 1011 ex
1049 975 1161 1011 Gallia
1178 974 1331 1010 Christ!
1351 975 1599 1022 variarumque
1615 976 1801 1012 nationum
1820 976 1989 1023 operibus
2007 976 2213 1013 conflatum.

507 1049 654 1094 Regesta
667 1058 839 1094 paparum
856 1058 876 1082 a
890 1046 992 1082 nobis
1008 1045 1147 1081 evoluta
1162 1056 1226 1092 pro
1243 1045 1335 1080 notis
1357 1057 1470 1093 usque
1490 1046 1535 1081 ad
1555 1047 1700 1081 Petrum
1718 1047 1763 1082 de
1783 1048 1882 1082 Luna
1902 1047 2150 1094 (Benedictum
2165 1047 2266 1095 XIII)

408 1118 481 1153 fere
503 1120 572 1153 200
581 1120 651 1154 000
670 1117 838 1164 epistolas
855 1118 948 1164 (cum
970 1118 1120 1163 Regesta
1137 1115 1212 1151 sola
1229 1116 1310 1151 Joh.
1331 1117 1430 1152 XXII
1448 1119 1482 1151 et
1497 1116 1690 1152 Clementis
1709 1118 1757 1153 VI
1776 1117 1852 1164 jam
1871 1120 1939 1154 120
1949 1120 2021 1154 000
2041 1117 2262 1166 contineant)

406 1187 622 1235 praebebant
643 1199 732 1235 quae
747 1187 990 1235 inspiciendae
1006 1187 1152 1222 fuerunt
1162 1200 1170 1229 ;
1190 1186 1273 1222 inde
1289 1198 1353 1234 pro
1369 1186 1590 1224 Chartulario
1604 1187 1698 1222 circa
1718 1189 1812 1223 8000
1833 1191 1934 1224 notas
1948 1189 2175 1224 extraximus.

503 1258 660 1295 Consilio
679 1258 914 1306 quorumdam
929 1257 1103 1301 obsecuti,
1122 1257 1263 1304 saepius
1277 1269 1385 1304 quam
1400 1258 1438 1293 in
1456 1261 1481 1293 t.
1503 1259 1514 1292 I
1530 1257 1675 1293 vocibus
1694 1258 1729 1293 in
1747 1257 1856 1294 rebus
1877 1258 2131 1303 Universitatis,
2156 1271 2266 1307 prae-

407 1329 529 1365 sertim
560 1330 597 1365 in
622 1330 836 1377 juramentis
867 1332 900 1365 et
935 1329 1071 1365 statutis
1102 1328 1226 1372 obviis,
1254 1329 1500 1366 annotavimus
1535 1328 1802 1376 explicationes,
1835 1341 1924 1376 quae
1954 1330 2093 1366 statutis
2123 1341 2267 1378 quoque

406 1400 556 1436 aliarum
575 1400 861 1444 Universitatum,
882 1400 927 1436 ad
945 1399 1138 1447 imaginem
1159 1399 1363 1435 Parisiensis
1381 1399 1628 1441 formatarum,
1646 1411 1718 1436 non
1732 1399 1875 1436 inutiles
1892 1399 2030 1436 erunt2.

504 1473 544 1506 ln
563 1471 741 1507 [radicibus
756 1483 829 1507 non
844 1482 956 1518 pauca
970 1470 1182 1518 cognomina
1200 1470 1436 1507 cardinalium
1450 1474 1484 1506 et
1500 1471 1751 1518 episcoporum
1772 1471 2026 1518 supplevimus.

503 1543 612 1590 Major
626 1543 732 1590 hujus
744 1542 932 1578 voluminis
947 1542 1139 1578 difficultas
1152 1541 1189 1577 in
1199 1552 1241 1577 eo
1251 1544 1325 1578 erat
1339 1553 1410 1577 non
1426 1542 1532 1578 modo
1546 1542 1642 1589 quod
1657 1542 1813 1578 enormis
1824 1542 1945 1578 aderat
1962 1542 2263 1580 documentorum

407 1613 521 1660 copia,
552 1614 612 1649 sed
640 1613 845 1661 praesertim
871 1614 955 1660 quia
978 1613 1133 1660 pessime
1160 1613 1290 1660 scripta
1318 1613 1463 1649 nomina
1489 1624 1723 1660 personarum
1747 1613 1995 1658 occurrebant,
2024 1625 2114 1662 quae
2137 1614 2174 1649 in
2196 1614 2264 1651 hoc

406 1684 584 1720 volumine
612 1685 657 1720 ad
678 1684 747 1721 tria
771 1684 883 1720 millia
902 1683 1167 1731 exscripsimus
1188 1685 1298 1731 Saepe
1323 1684 1420 1719 enim
1445 1695 1518 1720 non
1543 1684 1737 1732 distinguas
1752 1697 1790 1729 u,
1809 1697 1854 1728 n;
1868 1696 1898 1728 c,
1918 1690 1951 1728 t;
1971 1697 2004 1729 v,
2026 1685 2067 1728 b,·
2085 1698 2122 1729 n,
2138 1686 2261 1730 rt',·im,

405 1768 468 1799 rm,
482 1768 542 1800 un,
558 1767 688 1800 mmm,
703 1756 752 1799 ni,
766 1756 932 1800 in,ra;s,
945 1755 974 1803 f]
996 1755 1130 1790 litteras
1145 1754 1310 1802 capitales
1334 1755 1374 1798 S,
1396 1755 1448 1798 G,·
1472 1756 1688 1803 quandoque
1710 1756 1756 1800 B,
1775 1756 1833 1799 R,·
1845 1767 1925 1803 per,
1942 1768 2023 1803 pro,
2049 1760 2135 1801 etc.,
2158 1760 2265 1804 atque

406 1827 545 1874 signum
561 1826 761 1874 compendii
777 1838 841 1874 pro
857 1826 980 1862 litteris
993 1838 1040 1871 m,
1056 1838 1080 1861 n
1094 1825 1229 1861 dudum
1246 1825 1414 1861 usitatum
1424 1826 1497 1873 jam
1514 1838 1578 1874 pro
1595 1827 1672 1862 aliis
1687 1826 1854 1863 consonis
1869 1827 1923 1863 vel
1938 1827 2081 1874 syllabis
2097 1827 2266 1864 effrenate

405 1897 539 1933 librarii
560 1902 743 1944 usurpant.
762 1898 994 1941 Confitemur,
1019 1908 1223 1944 quanquam
1246 1897 1466 1944 inspectione
1487 1898 1815 1945 manuscriptorum
1831 1898 1957 1934 iterata
1982 1902 2016 1934 et
2037 1898 2264 1935 adminiculis

406 1969 642 2016 undequaque
658 1968 835 2015 quaesitis,
854 1969 896 2004 de
910 1968 1122 2015 quibusdam
1139 1967 1344 2003 nominibus
1361 1980 1425 2004 nos
1446 1968 1674 2005 dubitavisse.

1312 2119 1356 2159 V

507 2237 634 2272 Fontes
647 2236 787 2272 eosdem
807 2236 1017 2284 plerumque
1032 2249 1122 2284 quos
1139 2238 1173 2273 in
1190 2238 1306 2285 primo
1322 2238 1502 2274 volumine
1520 2237 1602 2285 (vid.
1624 2241 1649 2273 t.
1675 2239 1703 2282 l,
1720 2250 1755 2285 p.
1780 2238 1878 2285 xxia)
1896 2237 2063 2282 adiimus,
2087 2238 2151 2274 sed
2173 2238 2262 2275 alios

409 2317 550 2354 quoque
566 2308 737 2354 quosdam
754 2318 877 2343 eruere
892 2307 1092 2344 debuimus.

504 2378 751 2414 Vetustissima
766 2378 1004 2414 Universz‘tatz's
1017 2379 1251 2423 Chartularz'a,
1265 2379 1308 2415 de
1320 2380 1449 2427 quibus
1461 2380 1674 2416 mentionem
1690 2379 1879 2428 injecimus
1890 2381 1928 2424 (t.
1944 2381 1972 2424 I,
1986 2392 2021 2427 p.
2035 2391 2134 2416 xxxn
2148 2380 2258 2429 sqq.)‚

409 2448 595 2484 Vaticanus
635 2449 745 2485 codex
779 2450 934 2497 Reginae
976 2452 1059 2494 406,
1099 2450 1431 2486 Cheltenhamensis
1470 2453 1554 2495 876,
1591 2450 1878 2487 Vindobonensis
1918 2453 2003 2495 450,
2043 2450 2162 2487 adhuc
2198 2462 2263 2499 per

502 2607 521 2631 l.
540 2607 659 2631 Omnium
671 2607 790 2639 postremi
806 2609 922 2632 auctores
937 2609 1043 2633 Galliae
1057 2609 1234 2634 Christianae
1248 2609 1393 2641 vituperare
1406 2609 1533 2638 volumus,
1546 2616 1605 2632 nam
1618 2608 1706 2633 eadem
1721 2607 1812 2632 menda
1826 2608 1854 2632 in
1870 2608 1948 2633 Actis
1963 2609 2137 2634 Sanctorum
2152 2608 2260 2641 aliisque

405 2651 522 2683 operibus
534 2654 679 2675 occurrunt.
695 2652 816 2676 Galliam
828 2653 1018 2677 Christianam
1032 2653 1111 2677 solam
1123 2654 1252 2683 incusare,
1268 2661 1334 2686 quae
1348 2660 1551 2685 sampsi-'magno
1562 2653 1624 2677 usui
1635 2654 1676 2677 est,
1691 2652 1880 2682 laborantibus,
1891 2661 1941 2677 non
1955 2652 2037 2677 decet.
2050 2652 2080 2677 In
2089 2653 2134 2677 illo
2146 2655 2260 2685 tempore

407 2703 456 2719 non
471 2695 498 2719 in
512 2698 631 2727 promptu
650 2697 714 2724 erat,
731 2698 760 2720 ut
774 2695 855 2725 hodie,
874 2697 985 2728 Regesta
999 2705 1121 2729 paparum
1136 2697 1216 2727 adire,
1236 2698 1339 2729 quibus,
1354 2697 1483 2729 imprimis
1500 2696 1532 2720 ab
1547 2698 1630 2721 aetate
1644 2696 1770 2721 Johannis
1785 2696 1869 2726 XXII,
1891 2698 1944 2720 tam
1969 2703 2093 2721 renovare
2108 2696 2168 2721 licet
2182 2704 2261 2728 quam

405 2739 540 2763 emendare
554 2740 648 2764 multas
663 2741 735 2764 notas
749 2741 891 2772 temporum
905 2741 1035 2773 seriesque
1049 2742 1225 2774 episcoporum
1239 2744 1266 2766 et
1279 2742 1415 2766 ahbatum.

497 2784 519 2808 2.
534 2784 586 2808 Nec
596 2784 736 2808 redundare
748 2785 824 2816 hujus
834 2785 933 2816 generis
945 2785 1133 2817 explanationes
1148 2786 1222 2810 nobis
1237 2786 1355 2818 probavit
1364 2786 1387 2810 is
1398 2785 1443 2817 qui
1455 2792 1537 2817 nuper
1549 2784 1630 2809 edidit
1644 2785 1694 2809 Les
1706 2785 1814 2809 διαίτας
1828 2789 1852 2809 et
1862 2785 2016 2815 Privileyes
2029 2786 2075 2809 des
2091 2785 2262 2810 Universae&

403 2828 567 2858 francaises‚
584 2836 641 2852 cum
661 2829 796 2860 quinquies
812 2828 949 2854 dictionem
964 2840 977 2851 «
991 2830 1103 2862 vespecie
1118 2840 1130 2851 »
1144 2831 1183 2854 vel
1198 2841 1211 2852 ιι
1228 2831 1340 2862 vespesie
1353 2839 1364 2853 n
1384 2830 1415 2861 (t.
1434 2830 1467 2859 ΙΙ,
1482 2837 1507 2861 p.
1527 2828 1642 2858 708-710)
1658 2836 1704 2860 pro
1718 2829 1827 2860 cognitis
1843 2838 1855 2852 (ι
1871 2828 1998 2861 vesperiis
2011 2837 2023 2852 ι)
2038 2831 2065 2853 et
2079 2828 2156 2853 semel
2176 2838 2187 2852 τ(
2201 2837 2260 2854 ves-

404 2873 506 2904 pesians
521 2881 532 2895 »
548 2880 593 2904 pro
606 2882 617 2895 a
635 2873 778 2905 vesperians
791 2882 802 2896 u
818 2872 897 2897 lector
909 2874 1026 2898 miretur.
1042 2875 1077 2898 At
1088 2874 1115 2898 in
1126 2875 1292 2906 praecedente
1306 2876 1377 2899 tomo
1392 2876 1425 2906 (p.
1439 2873 1494 2904 611)
1512 2882 1523 2897 c(
1535 2873 1662 2905 vesperias
1678 2881 1700 2903 »‚
1714 2871 1776 2897 duce
1788 2873 1820 2897 A.
1837 2873 1964 2903 Molinier,
1978 2874 2046 2898 recte
2061 2872 2212 2898 retinuero*-
