2534 3444
363 340 426 376 166
838 361 850 365 μ
948 350 1267 374 c-HARTULARIUM
1302 352 1492 375 UNIVERS.
1529 353 1659 376 PARls.
1711 355 1714 358 ·
2132 339 2232 381 [1313

360 423 551 468 Anglicus,
576 425 673 468 Hyro
700 423 745 456 de
765 423 941 465 Almania,
964 424 1150 457 Arnoldus
1174 425 1218 458 de
1240 425 1448 470 Sutphania,
1470 425 1723 460 Theodoricus
1744 427 1789 460 de
1809 427 2037 474 Novimagio,
2054 427 2233 475 {magister

359 489 544 523 Johannes
566 490 611 523 de
629 490 767 532 Brolio,
787 490 966 524 Colardus
987 491 1105 524 dictus
1126 492 1276 532 Aucote,
1297 492 1486 524 Freminus
1508 492 1552 525 de
1570 492 1764 535 Peruillur,
1782 494 2003 529 Guillelmus
2024 496 2069 529 de
2089 497 2229 539 Presto,

361 557 542 603 Henricus
569 557 613 589 de
641 556 1015 602 Almania,›magister
1041 558 1271 602 Raymondus
1299 558 1429 590 Moreti
1457 558 1655 591 canonicus
1683 559 1803 593 Sancti
1830 562 2017 604 Honorati,
2039 563 2230 597 Bartholo-

360 635 463 656 meus
491 623 535 655 de
562 623 816 656 Calamadrave
842 624 1038 656 canonicus
1064 623 1311 664 BelvacensiS,
1334 623 1510 657 Martinus
1538 625 1688 669 Nepotis
1709 627 1907 661 canonicus
1928 629 2228 672 Lux[oviensis?].

447 690 535 723 Acta
560 690 708 722 fuerunt
737 689 803 722 hec
829 690 1002 731 Parisius,
1034 696 1103 722 tam
1130 690 1166 721 in
1192 689 1299 722 domo
1324 690 1473 722 fratrum
1504 691 1789 734 Predicatorum,
1817 705 1922 738 quam
1944 695 1981 728 in
2006 697 2228 730 monasterio

361 756 395 789 S.
424 756 610 789 Genovese
645 756 806 788 Parisius
832 756 869 788 in
890 757 1026 796 Monte,
1055 767 1161 799 quam
1189 755 1225 787 in
1258 755 1338 788 aliis
1371 755 1539 800 pluribus
1570 756 1674 799 locis,
1703 760 1937 803 presentibus
1964 761 2227 807 Aymerico....,

358 823 508 855 Perroto
531 822 711 867 Symonis,
733 823 854 866 jurato
875 822 974 854 curie
996 821 1226 862 Parisiensis,
1249 828 1284 854 et
1304 821 1471 866 pluribus
1492 822 1573 856 aliis
1594 824 1750 858 testibus
1771 826 1815 859 ad
1836 827 2014 872 premissa
2037 829 2174 862 vocatis
2195 836 2228 863 et

359 889 507 933 rogatis.

448 957 491 988 Et
511 967 579 1000 ego
600 955 807 987 Anthonius
830 954 916 987 Sicti
938 954 982 986 de
1002 953 1195 995 VercelliS,
1218 954 1417 999 apostolica
1438 962 1473 988 et
1492 956 1671 1002 imperiali
1692 959 1903 992 auctoritate
1924 960 2087 994 notarius
2108 961 2229 1006 publi-

357 1033 434 1062 cus,
457 1021 617 1066 predicte
638 1020 828 1053 adhesioni
854 1020 1116 1065 premissorum
1142 1020 1303 1053 omnium
1330 1023 1665 1066 prenominatorum
1687 1037 1767 1058 cum
1789 1027 2051 1070 prenominatis
2072 1027 2228 1061 testibus

357 1099 509 1132 presens
531 1086 689 1127 interfui,
714 1098 753 1119 ea
775 1086 893 1118 onmia
915 1085 1073 1118 fideliter
1094 1085 1205 1118 scribi
1227 1087 1309 1128 feci,
1332 1099 1388 1121 me
1410 1087 1627 1134 subscripsi,
1651 1097 1686 1123 et
1705 1091 1742 1124 in
1762 1091 1853 1125 hanc
1874 1092 2055 1137 publicam
2075 1094 2224 1127 formam

356 1153 495 1197 redegi,
519 1153 699 1197 signoque
721 1164 801 1184 mco
824 1151 931 1184 solito
954 1152 1096 1197 signavi
1117 1159 1279 1197 rogatus,
1301 1153 1338 1185 in
1358 1154 1606 1188 testimonium
1629 1157 1905 1201 premissorum.

447 1254 635 1285 Apogrnphum
651 1253 675 1276 iu
692 1253 767 1276 Arch.
785 1253 906 1276 Univers.
923 1254 1018 1282 paria,
1034 1254 1110 1277 theca
1125 1255 1168 1283 lv,
1183 1256 1211 1278 A.
1228 1255 1266 1279 18.
1283 1255 1320 1286 h.,
1340 1264 1388 1288 per
1408 1256 1495 1288 ipsum
1517 1258 1657 1281 Antonium
1680 1259 1736 1290 syti
1755 1259 1786 1283 de
1808 1259 1933 1283 Vercellis
1955 1261 2062 1289 factum,
2085 1264 2114 1284 ut
2132 1261 2159 1284 in
2176 1261 2227 1285 fine

354 1298 468 1327 chartae,
485 1301 510 1321 et
525 1298 549 1320 in
566 1298 697 1329 principio
714 1300 740 1327 (a
757 1298 850 1320 Datum
864 1306 911 1329 per
927 1298 1030 1329 copiam
1047 1300 1073 1328 »)
1093 1302 1212 1323 testatur.
1242 1300 1353 1324 Nomina
1375 1295 1535 1324 scholarium
1552 1302 1925 1335 mugistrorumquevetustate
1940 1305 2109 1328 membranae
2122 1313 2225 1329 summa

353 1351 412 1365 cum
427 1342 577 1365 difficultate
592 1343 747 1373 plerumque
762 1343 900 1373 leguntur:
916 1343 987 1374 apud
1002 1343 1140 1372 Jourdxfin,
1157 1348 1185 1367 n⁰
1197 1345 1252 1372 411,
1269 1353 1313 1368 sex
1326 1348 1427 1368 tuntum
1443 1346 1557 1369 eduntur
1572 1347 1687 1376 nomina,
1704 1348 1808 1379 quando
1823 1349 1868 1371 352
1883 1348 1975 1372 charta
1994 1352 2085 1372 nostra
2099 1350 2227 1381 suppedi-

354 1387 433 1415 tabat,
450 1395 516 1418 quae
531 1387 563 1409 ad
579 1387 716 1410 historiam
732 1387 889 1410 litterariam
904 1387 1090 1411 illustrandam
1105 1397 1156 1411 non
1171 1389 1248 1420 parvi
1263 1390 1387 1413 momenti
1403 1398 1460 1413 esse
1473 1390 1675 1415 existimaveris.

448 1472 470 1495 1.
481 1471 600 1494 Johannc
616 1472 656 1495 lv.
673 1485 702 1489 -
719 1472 741 1496 2.
753 1472 791 1495 Cf.
808 1475 871 1495 tom.
887 1473 897 1495 I
912 1473 1051 1501 Chartul„
1063 1473 1096 1496 nu
1113 1474 1167 1502 513,
1184 1475 1238 1498 519.
1252 1488 1282 1491 —
1297 1475 1319 1498 3.
1334 1475 1380 1497 An.
1400 1475 1469 1502 1324,
1486 1475 1550 1498 Julii
1566 1476 1605 1506 25,
1621 1476 1644 1499 ei
1660 1477 1794 1499 confertur
1811 1476 1953 1500 decanatus
1969 1477 2066 1500 ruralis
2079 1477 2111 1500 de
2122 1477 2226 1509 Alingio

352 1516 514 1539 Gebenuens.
533 1516 615 1539 dioec.
632 1517 694 1547 ch.
713 1517 770 1540 Vnt.
785 1517 845 1540 Joh.
858 1517 936 1545 XXII,
952 1525 994 1540 an.
1007 1518 1029 1546 8,
1045 1526 1072 1549 p.
1085 1519 1106 1546 2,
1121 1526 1162 1549 ep.
1177 1519 1247 1542 1573.
1262 1519 1354 1542 Postea
1370 1519 1399 1542 fit
1414 1520 1554 1543 canonicus
1573 1521 1764 1549 Lnudunensis,
1779 1524 1804 1544 ct
1818 1521 1969 1544 nominatur
1982 1521 2067 1544 adhuc
2082 1521 2132 1545 sub
2147 1522 2226 1545 Bene-

352 1560 420 1583 dicto
434 1561 488 1583 XII.
503 1574 534 1578 —
546 1562 569 1583 Ιι.
587 1561 649 1584 Ms.:
664 1569 674 1583 (ι
692 1561 844 1584 Slescxiten.
858 1569 881 1585 ».
892 1575 922 1578 —
937 1564 959 1585 5.
976 1562 1098 1586 Fortasse
1114 1563 1193 1593 idem,
1208 1563 1283 1594 cujus
1297 1563 1322 1586 in
1334 1564 1497 1586 documentis
1509 1564 1559 1588 Les
1572 1565 1643 1589 Olim
1658 1565 1754 1588 mentio
1767 1565 1796 1588 fit
1810 1573 1814 1588 z
1830 1566 1901 1597 Royn
1916 1565 2069 1597 reportavit.
2085 1579 2117 1583 —
2128 1567 2152 1590 6.
2168 1567 2215 1590 An.

352 1605 420 1633 1324,
437 1605 523 1628 Martii
539 1605 560 1633 1,
578 1605 601 1628 ci
616 1606 750 1628 confertur
762 1605 932 1629 canonicatus
949 1607 974 1630 S.
992 1607 1099 1638 Georgii
1118 1607 1150 1630 de
1165 1608 1191 1631 S.
1207 1608 1334 1631 Pauliano
1350 1608 1480 1631 Anieiens.
1494 1608 1577 1633 dioec.
1594 1610 1655 1641 Reg.
1668 1610 1727 1634 Vnt.
1746 1610 1805 1633 Joh.
1819 1610 1896 1638 XXII,
1913 1618 1955 1634 an.
1972 1611 1994 1638 8,
2010 1619 2037 1642 p.
2055 1611 2078 1640 2,
2094 1619 2135 1642 ep.
2152 1611 2222 1634 1600.

352 1775 463 1812 704.
488 1788 630 1811 Statutum
650 1787 776 1823 Capituli
789 1788 935 1822 generalis
954 1787 1019 1814 ord.
1036 1787 1142 1814 praed.
1159 1788 1213 1814 sub
1229 1789 1404 1824 Berengario
1419 1789 1455 1815 de
1470 1789 1621 1815 Landorm
1642 1790 1726 1815 Melis
1742 1789 1880 1815 celebrati
1894 1789 1930 1815 de
1946 1789 2070 1816 tenenda
2090 1790 2221 1816 doctrina

444 1834 565 1860 Tlaeomae
580 1834 615 1860 de
630 1836 752 1870 Aquino,
771 1840 798 1862 et
813 1836 848 1862 de
864 1836 1079 1863 examinatione
1095 1837 1265 1873 scriptorum
1278 1839 1411 1872 fratrum.

1548 1888 1615 1917 1313,
1631 1888 1705 1914 dunin
1719 1888 1839 1918 intrante.
1854 1888 1936 1914 Motis.

439 1967 528 2000 Cum
558 1967 719 2001 doctrina
754 1969 975 2002 venerabilis
1010 1970 1171 2003 doctoris
1205 1971 1326 2004 fratris
1361 1970 1498 2004 Thome
1529 1971 1573 2004 de
1602 1971 1748 2016 Aquino
1779 1971 1902 2004 sanior
1931 1978 1966 2004 et
1995 1971 2223 2005 communior

350 2039 548 2077 reputetur,
573 2041 607 2066 et
631 2047 705 2067 cam
731 2035 830 2068 Ordo
858 2043 983 2069 noster
1010 2037 1183 2081 prosequi
1212 2043 1388 2079 teneatur,
1412 2037 1620 2070 inhibemus
1648 2037 1812 2071 districte
1840 2037 1939 2083 quod
1963 2037 2087 2071 nullus
2112 2038 2222 2071 frater

349 2098 518 2144 legendo,
542 2100 830 2139 determinando,
861 2103 1134 2148 respondendo.
1157 2103 1288 2136 audeat
1314 2104 1490 2137 assertive
1516 2111 1640 2137 tenere
1662 2104 1882 2137 contrarium
1904 2105 1984 2149 ejus
2005 2104 2103 2149 quod
2123 2116 2221 2137 com-

348 2166 506 2199 muniter
526 2167 686 2200 creditur
707 2168 750 2200 dc
772 2169 946 2214 opinione
967 2170 1129 2203 doctoris
1150 2170 1317 2215 predicti,
1341 2183 1406 2203 nec
1428 2171 1578 2204 recitare
1600 2177 1660 2203 aut
1680 2171 1895 2204 confirmare
1916 2171 2071 2216 aliquam
2094 2171 2221 2216 singu-

347 2231 457 2264 larem
479 2234 687 2278 opinionem
709 2242 833 2268 contra
854 2248 1083 2269 communem
1111 2236 1300 2269 doctorum
1329 2237 1559 2279 sententiam,
1581 2237 1618 2270 in
1638 2237 1710 2270 hiis
1731 2249 1801 2282 que
1822 2237 1866 2270 ad
1887 2237 1995 2270 fidem
2016 2237 2074 2271 vel
2099 2249 2220 2270 mores

347 2299 528 2342 pertinere
560 2307 774 2342 noscuntur,
806 2302 877 2334 nisi
908 2302 1138 2347 reprobando
1171 2310 1206 2336 et
1237 2304 1354 2336 statim
1386 2303 1657 2348 objectionibus
1691 2303 1964 2349 respondendo.
2002 2303 2219 2348 Quicunque

346 2371 463 2398 autem
492 2378 556 2410 per
582 2367 841 2411 provincialem
868 2368 926 2401 vel
954 2370 1033 2413 ejus
1059 2369 1247 2411 vicarium,
1276 2370 1338 2415 qui
1365 2382 1476 2415 super
1502 2369 1573 2403 hiis
1599 2370 1785 2415 inquirere
1816 2376 2020 2411 teneantur,
2051 2381 2094 2402 ex
2124 2376 2220 2402 certa

347 2431 495 2464 scientia
522 2433 558 2465 in
580 2433 699 2478 aliquo
731 2435 994 2479 premissorum
1024 2436 1195 2469 inventus
1224 2437 1334 2469 fuerit
1359 2436 1575 2482 deliquisse,
1604 2448 1669 2482 per
1694 2437 1856 2478 eosdem,
1879 2449 1960 2469 cum
1982 2436 2036 2469 eis
2056 2436 2218 2481 legitime

346 2498 561 2540 constiterit,
584 2512 601 2532 a
622 2500 818 2534 lectoratus
840 2501 957 2534 officio
978 2502 1036 2535 vel
1054 2502 1175 2535 studio
1197 2502 1406 2536 absolvatur
1427 2503 1463 2536 in
1484 2515 1625 2549 penam,
1645 2503 1675 2536 si
1697 2509 1816 2536 tamen
1837 2503 1925 2536 alias
1947 2503 1991 2535 de
2007 2502 2219 2548 hujusmodi

346 2563 393 2596 sit
413 2570 568 2597 notatus.
599 2567 704 2608 Quod
730 2567 760 2599 si
787 2580 830 2600 ex
852 2568 983 2601 talibus
1012 2569 1249 2614 opinionibus
1277 2570 1503 2614 pertractatis
1532 2570 1741 2603 scandalum
1767 2569 1916 2615 aliquod
1940 2569 1988 2602 sit
2013 2568 2217 2611 subortum,

345 2629 512 2663 volumus
548 2632 645 2676 quod
679 2633 797 2666 acrius
833 2635 1013 2679 puniatur,
1047 2642 1082 2668 et
1112 2635 1157 2668 ad
1186 2636 1428 2670 revocandum
1464 2636 1724 2669 nichilominus
1759 2635 2009 2681 compellatur.
2046 2637 2217 2668 Lectores

346 2708 490 2741 quoquc
519 2697 562 2729 de
590 2705 687 2731 textu
719 2700 835 2733 Biblie
864 2701 945 2745 plus
972 2702 1081 2734 solito
1109 2702 1243 2747 legant,
1272 2709 1307 2736 et
1336 2703 1373 2735 in
1400 2703 1537 2736 lectura
1563 2703 1607 2736 de
1634 2701 1833 2736 Sententiis
1853 2702 1897 2735 ad
1918 2702 2039 2735 minus
2065 2708 2139 2735 tres
2159 2701 2218 2735 vel

345 2769 499 2807 quatuor
519 2764 691 2797 articulos
714 2766 757 2798 de
779 2766 942 2800 doctrina
968 2768 1088 2801 fratris
1110 2768 1247 2802 Thome
1276 2776 1507 2814 pertractent,
1531 2769 1735 2815 prolixitate
1761 2781 1917 2802 onerosa
1936 2769 2055 2802 vitata.
2084 2767 2216 2801 Nullus

346 2828 449 2861 etiam
479 2830 522 2862 ad
550 2831 709 2863 studium
740 2833 944 2866 Parisiense
975 2835 1147 2877 mittatur,
1178 2836 1248 2869 nisi
1274 2836 1310 2868 in
1337 2836 1500 2870 doctrina
1520 2836 1642 2869 fratris
1662 2835 1801 2869 Thome
1823 2835 1949 2868 saltem
1970 2834 2088 2868 tribus
2108 2833 2215 2867 annis

344 2895 524 2937 studuerit
548 2896 755 2942 diligenter.
