2534 3444
392 367 457 399 306
972 373 1288 397 CHARTULARIUM
1323 370 1513 393 UNIVERS.
1552 369 1681 390 ranis.
1846 376 1848 380 ·
2161 354 2260 391 [1328

393 500 504 538 870.
534 509 707 535 Universieas
722 509 816 534 Paris.
836 511 910 534 velat
925 516 959 533 ne
974 508 1038 543 quis
1055 506 1184 542 aliquam
1200 505 1326 531 litteram
1342 503 1505 529 citatorium
1522 503 1549 528 in
1566 502 1647 527 curia
1663 503 1871 528 conservatoris
1883 502 2096 538 privilegiorum
2116 502 2258 529 Universi-

481 558 558 593 tatis,
577 558 676 584 insciis
691 561 798 583 rectore
813 560 840 583 et
854 556 1001 592 deputatis
1017 556 1054 581 ab
1075 548 1271 587 Uiziwrsitate,
1290 553 1445 588 impetrare
1457 554 1637 587 praesumat.

1582 631 1659 660 1328.
1674 622 1806 658 remam·
1817 632 1841 661 9,
1857 622 1970 657 Parisiis.

481 713 671 746 Universis
692 718 881 756 presentes
902 710 1040 742 litteras
1062 706 1282 752 inspecturis
1305 705 1522 739 universitas
1544 705 1799 750 magistrorum
1821 712 1856 738 et
1881 705 2073 739 scolarium
2096 706 2257 738 Parisius

391 780 613 813 studentium
650 778 801 811 salntem
836 777 873 809 in
907 775 982 808 filio
1016 774 1180 818 Virginis
1215 772 1389 820 gloriose.
1427 773 1467 804 In
1502 771 1694 805 mundanis
1729 772 1897 817 collegiis
1929 779 2025 805 tanta
2064 771 2257 817 discipline

391 846 564 891 perfectio
586 852 619 878 ct
641 843 830 889 regiminis
852 842 1015 875 ordinata
1035 839 1195 885 jocunda
1222 839 1394 884 quietatio
1421 850 1603 884 nunquam
1629 838 1688 872 vel
1713 850 1793 871 raro
1814 838 1949 883 legitur
1970 838 2147 880 extitisse,
2169 838 2258 883 quin

390 912 583 957 aliquando
605 910 763 956 propriis
785 908 1066 942 domesticorum
1089 918 1237 939 suorum
1260 904 1507 951 pertinacibus
1529 905 1702 950 nequitiis
1718 905 1828 938 fucrit
1843 904 2066 938 conturbata.
2085 905 2258 947 Quamvis

390 974 501 1024 igitur
522 977 748 1011 Universitas
769 974 999 1014 Parisiensis,
1022 973 1066 1006 ad
1088 985 1192 1018 quam
1220 972 1264 1005 de
1291 972 1432 1005 cunctis
1454 972 1579 1004 mundi
1601 972 1815 1017 regionibus
1840 972 1894 1004 illi
1915 971 2103 1005 confluunt
2121 964 2258 1017 'quibus

391 1046 488 1078 Deus
510 1051 541 1076 et
565 1050 687 1076 natura
709 1041 952 1087 perfectiones
979 1039 1153 1072 humanas
1179 1038 1387 1072 desiderare
1413 1025 1609 1080 concessit,
1635 1045 1761 1071 cuncta
1790 1038 1944 1084 collegia
1965 1038 2090 1071 mundi
2111 1038 2258 1071 rectitu-

391 1111 473 1144 dine
502 1109 694 1154 discipline
722 1107 914 1141 laudabilis
943 1118 1047 1151 quam
1078 1106 1268 1151 regiminis
1296 1106 1417 1150 quiete
1446 1104 1651 1138 delectabili
1679 1104 1850 1150 precellat
1878 1116 1943 1138 nec
1972 1116 2045 1138 non
2071 1103 2198 1150 irrigat
2224 1111 2259 1138 et

388 1176 554 1210 secundat
579 1188 585 1208 z
609 1176 690 1220 quia
719 1174 890 1207 tamenin
916 1173 1033 1218 ipsius
1058 1173 1252 1217 capacitate
1278 1172 1483 1217 largissima
1513 1178 1784 1217 congregantur
1806 1171 2076 1217 quamplurimi,
2103 1183 2256 1216 quorum

388 1249 585 1287 conceptus
619 1248 651 1274 ct
687 1241 837 1274 affectus
872 1239 1053 1284 malignos
1088 1239 1165 1284 ipsa
1200 1238 1427 1272 Universitas
1462 1250 1535 1271 non
1570 1225 1690 1283 potest
1723 1250 1962 1283 cognoscere,
1998 1249 2065 1270 nec
2100 1243 2257 1279 tenetur,

388 1310 523 1343 idcirco
550 1320 622 1341 non
649 1314 704 1340 cst
725 1306 1040 1352 reprehensibilis,
1063 1306 1094 1339 si
1116 1305 1151 1338 in
1174 1318 1226 1346 ea,
1248 1305 1341 1338 sicut
1367 1305 1403 1338 in
1431 1304 1599 1350 collegiis
1624 1305 1756 1338 ceteris
1782 1304 1998 1345 minoribns,
2027 1304 2259 1338 inveniantur

388 1376 497 1421 aliqui
519 1375 787 1419 delinquentes.
810 1374 945 1407 Verum
968 1373 1061 1406 sicut
1081 1371 1201 1406 fidelis
1223 1379 1255 1405 et
1278 1372 1466 1417 diligentis
1492 1371 1652 1417 agricole
1680 1371 1856 1405 sedulitas
1882 1371 1925 1406 ab
1951 1371 2049 1416 agris
2075 1370 2258 1404 fertilibus

387 1443 517 1476 herbas
552 1448 585 1475 ct
620 1442 743 1486 spinas
779 1451 983 1485 perversas,
1019 1439 1218 1472 electorum
1252 1439 1432 1472 fructuum
1474 1438 1727 1479 destructivas,
1760 1426 1882 1483 preter
1911 1439 1990 1482 ejus
2018 1437 2257 1471 intentionem

386 1515 577 1542 nascentes
599 1508 772 1541 radicitus
793 1506 951 1541 evellere
972 1512 1129 1547 tenetur,
1151 1506 1204 1538 sic
1225 1512 1258 1539 et
1280 1517 1359 1547 nos,
1383 1505 1444 1550 qui
1465 1505 1624 1539 cothidie
1639 1505 1793 1549 jubente
1810 1506 1886 1538 Deo
1903 1504 2132 1549 predicamus
2148 1503 2258 1549 justi-

387 1577 483 1617 tiam,
506 1575 679 1608 malorum
707 1573 930 1619 punitiones,
953 1579 988 1605 et
1012 1573 1043 1605 si
1068 1572 1341 1617 incorrigibiles
1367 1579 1401 1605 et
1426 1572 1648 1605 insanabiles
1673 1572 1916 1613 inveniantur,
1939 1570 2067 1604 totales
2089 1570 2258 1604 extermi-

387 1643 552 1675 nationes
573 1641 756 1674 credimus
782 1639 1016 1685 persuadere,
1045 1651 1090 1672 ne
1116 1639 1193 1672 suis
1219 1638 1501 1684 contagionibus
1527 1645 1560 1672 et
1586 1639 1771 1684 perversis
1792 1627 1978 1683 simplices
1999 1638 2198 1683 depravent
2222 1643 2258 1671 et

388 1709 544 1742 inficiant
576 1709 804 1748 innocentes,
828 1705 925 1752 quod
953 1712 1037 1738 tunc
1067 1712 1165 1739 reete
1192 1717 1301 1750 agere
1331 1705 1528 1747 credimus,
1558 1717 1639 1738 cum
1665 1706 1758 1739 viam
1786 1705 1961 1738 malorum
1993 1703 2255 1750 preclndimus,

385 1775 562 1809 abusores
590 1774 823 1819 corrigimus,
855 1772 1011 1806 obnoxia
1041 1771 1289 1806 subtrahimus
1320 1779 1354 1805 et
1384 1772 1543 1805 salubria
1574 1783 1823 1818 procuramus.
1857 1772 1949 1805 Sane
1980 1783 2059 1804 cum
2090 1771 2127 1803 in
2157 1769 2256 1804 curia

385 1842 653 1876 conservatoris
684 1840 958 1886 privilegiorum
990 1845 1198 1874 nostrorum
1230 1845 1299 1872 tam
1328 1851 1440 1884 super
1471 1838 1746 1884 participatione
1776 1851 1881 1884 quam
1911 1837 2056 1879 salarie,
2087 1849 2153 1870 nec
2183 1848 2257 1870 non

386 1917 466 1943 ante
494 1908 595 1950 actis,
630 1907 863 1952 quamplures
896 1906 1032 1939 abusus
1061 1912 1329 1951 perpetrentur,
1359 1917 1469 1951 super
1499 1905 1632 1951 quibus
1663 1905 1755 1939 dicta
1783 1905 2009 1939 Universitas
2037 1911 2073 1937 et
2099 1915 2256 1949 persone

387 1976 548 2021 ejusdem
570 1974 820 2019 multipliciter
839 1973 1078 2017 denigrantur
1101 1984 1107 2005 :
1131 1984 1198 2005 nos
1218 1972 1384 2005 volentes
1405 1984 1516 2017 super
1535 1972 1606 2006 hiis
1627 1984 1830 2017 congruum
1851 1971 2051 2005 remedium
2068 1970 2256 2012 adhibere,

387 2043 577 2076 statuimus
602 2048 637 2074 et
662 2041 872 2074 ordinamus
903 2039 1001 2084 quod
1029 2039 1164 2080 nullus,
1193 2038 1271 2072 sive
1301 2039 1348 2072 sit
1382 2039 1555 2084 magister
1589 2039 1666 2072 sive
1695 2039 1861 2080 scolaris,
1892 2038 2062 2071 decetero
2100 2037 2256 2083 aliquam

386 2110 539 2142 litteram
562 2107 759 2141 citatorium
781 2114 850 2140 tam
872 2118 982 2151 super
1003 2106 1277 2151 participatione
1299 2118 1403 2151 quam
1426 2106 1571 2147 salario,
1592 2113 1652 2139 ant
1672 2105 1873 2139 secundum
1895 2111 2082 2146 retroacta,
2106 2104 2142 2137 in
2163 2092 2257 2137 dicta

387 2176 485 2209 curia
506 2174 774 2208 conservatoris
795 2173 924 2206 audeat
944 2173 1151 2217 impetrare,
1173 2172 1245 2206 nisi
1266 2172 1368 2218 prius
1389 2184 1508 2206 coram
1530 2179 1671 2206 rectore
1692 2179 1725 2205 et
1747 2172 1929 2218 deputatis
1949 2171 1992 2204 ab
2014 2170 2257 2204 Universitate

387 2243 546 2288 predicta
580 2240 835 2286 comparuerit,
870 2246 904 2272 et
938 2250 1081 2272 causam
1117 2250 1217 2272 suam
1253 2238 1469 2279 ostenderit,
1512 2245 1547 2272 et
1581 2239 1673 2272 sicut
1709 2239 1752 2272 de
1787 2238 1868 2271 aliis
1901 2225 2033 2271 litteris
2065 2236 2257 2270 occasione

386 2309 529 2354 pedagii
555 2315 589 2340 et
617 2319 681 2352 pro
709 2306 885 2340 tractione
914 2313 1012 2338 extra
1039 2317 1164 2339 muros
1192 2305 1354 2338 debitum
1385 2306 1585 2351 prostiterit
1609 2306 1868 2350 juramentum.
1899 2305 1935 2338 Si
1965 2304 2047 2349 quis
2074 2310 2192 2336 autem
2220 2289 2257 2335 in

386 2375 603 2409 contrarium
626 2380 837 2418 attemptare
857 2372 1136 2418 presumpserit,
1154 2371 1248 2405 dicta
1265 2372 1493 2406 Universitas
1514 2379 1637 2405 contra
1658 2384 1739 2405 eum
1760 2371 1933 2417 procedet
1953 2370 1998 2404 ad
2018 2370 2255 2415 privationem

389 2448 596 2487 perpetuam
618 2441 675 2474 vel
695 2440 739 2473 ad
760 2447 917 2485 tempus,
938 2445 997 2472 aut
1017 2438 1219 2472 secundum
1242 2438 1339 2484 quod
1360 2439 1392 2473 ei
1414 2438 1598 2472 videbitur
1618 2438 1802 2485 expedire.
1825 2439 1980 2483 Insuper
1996 2449 2076 2470 cum
2093 2437 2131 2469 in
2147 2435 2259 2481 privi-

387 2509 484 2553 legio
517 2507 718 2552 apostolico
753 2513 933 2547 caveatur,
969 2511 1007 2538 ut
1041 2504 1214 2538 officiales
1249 2505 1286 2538 in
1320 2505 1419 2538 curia
1451 2505 1538 2538 dicti
1571 2505 1840 2539 conservatoris
1874 2504 1911 2538 in
1946 2503 2129 2549 presentia
2163 2502 2258 2535 dicte

390 2574 644 2607 Universitatis
679 2573 723 2606 ad
752 2574 998 2617 juramentum
1031 2572 1318 2616 adstringantur,
1353 2571 1451 2617 quod
1485 2571 1641 2605 officium
1682 2583 1787 2605 snum
1826 2559 1984 2606 fideliter
2023 2569 2256 2609 exercebunt,

389 2641 552 2673 decernit
577 2640 653 2684 ipsa
681 2639 908 2672 Universitas
936 2638 1034 2683 quod
1061 2644 1317 2683 procuratores
1344 2637 1447 2671 missi
1477 2651 1495 2671 a
1524 2638 1682 2672 diversis
1711 2638 1837 2672 mundi
1867 2625 2030 2683 partibus
2055 2637 2100 2670 ad
2121 2636 2259 2669 deffen-

390 2707 528 2740 sionem
551 2706 754 2748 citatorum,
781 2704 853 2738 nisi
878 2705 915 2738 in
942 2704 1033 2738 dicta
1056 2705 1155 2739 curia
1176 2704 1273 2738 soliti
1296 2705 1369 2738 sint
1393 2705 1551 2738 officium
1572 2704 1782 2750 hujusmodi
1808 2704 2048 2738 communiter
2073 2713 2256 2743 exercere,

390 2785 463 2806 non
491 2772 626 2805 debent
651 2771 803 2816 astringi
824 2771 867 2804 ad
887 2770 1099 2815 hujusmodi
1115 2772 1375 2816 juramentum,
1398 2783 1478 2804 cum
1500 2771 1590 2805 tales
1615 2783 1689 2812 non
1710 2771 1784 2804 sint
1803 2780 2014 2804 communes
2042 2770 2136 2802 dicte
2157 2755 2263 2802 curie

390 2834 560 2872 officiales
583 2849 649 2871 nec
670 2844 941 2882 procuratores;
969 2843 1004 2870 et
1029 2849 1073 2870 ne
1101 2837 1147 2871 oh
1174 2838 1243 2871 hoc
1264 2844 1479 2883 reputentur
1499 2838 1679 2873 immerito
1701 2849 1826 2871 eorum
1848 2836 1985 2871 domini
2011 2842 2255 2869 contumaces.

388 2906 476 2939 Acta
495 2906 641 2938 suerunt
660 2903 726 2936 hec
748 2904 784 2936 in
805 2910 929 2936 nostra
948 2905 1234 2948 congregatione
1255 2905 1417 2949 generali
1438 2905 1534 2950 apud
1556 2905 1723 2938 Sanctum
1745 2904 1965 2937 Maturinum
1986 2902 2147 2935 Parisius
2166 2901 2272 2934 facta'

514 2963 554 2987 39,
