2534 3444
403 336 468 370 670

456 420 565 446 Alanus
581 420 659 447 Brito
674 420 710 447 de
725 420 871 447 Vilacullis
880 420 905 439 ⁶²
916 429 986 447 cum
1002 421 1124 447 fi-sociis.

456 469 640 496 Tesaurarius
653 469 690 496 de
704 469 837 496 Abileffln.

455 518 640 545 Tesaurarius
652 518 894 553 Rothomagensis
909 526 970 545 non
986 519 1109 550 scolaris,
1127 520 1170 553 -}—.

437 561 440 564 ⁵
457 568 522 593 Duo
537 568 637 594 fratres
651 567 687 594 de
700 568 913 602 Fenestraugia.
934 577 963 594 12
979 568 1061 594 solid.
1079 568 1147 594 solv.

753 643 830 670 Vicus
846 644 977 670 Sarbone.

455 711 537 737 Prior
549 711 585 738 de
597 711 782 741 Auberriaco,
799 712 815 737 8
828 712 909 738 solid.
927 712 995 738 solv.

455 761 555 786 Petrus
570 760 606 787 de
618 761 682 787 Riu.

454 809 531 835 Mahi
544 809 684 835 Chacard.

453 857 601 885 Johannes
615 858 651 885 de
665 859 693 884 la
705 858 813 884 Ferete.

498 907 540 934 De
554 907 643 934 domo
660 907 787 934 Sarbone
802 914 863 933 non
876 907 1003 934 bursales
1020 916 1060 943 19.

460 909 473 988 ἱ
499 957 541 982 De
555 956 720 982 hursalibus
737 965 778 991 19.

452 1004 590 1031 Ricardus
604 1005 682 1032 filius
696 1005 813 1032 Rodulfi
836 1012 905 1032 cum
926 1004 1068 1039 discipulo
1082 1012 1145 1035 suo,
1173 1005 1203 1031 15
1219 1005 1300 1032 solid.

418 1053 487 1079 solv.

452 1102 596 1129 Robertus
611 1101 772 1136 Spiguluel.

452 1151 606 1178 Gillelmus
620 1151 749 1182 Talebot,
766 1151 781 1177 5
796 1151 878 1178 solid.
895 1152 965 1178 solv.

452 1200 590 1227 Patricius
604 1200 708 1227 Brown
716 1199 740 1218 ⁵³
755 1208 824 1227 cum
837 1200 954 1227 duobus
972 1199 1132 1228 domicellis
1145 1202 1175 1227 et
1189 1200 1300 1228 Willel-

414 1256 482 1275 mus
496 1249 532 1275 de
547 1249 654 1283 Angos.

449 1298 592 1325 Robertus
606 1298 642 1325 de
657 1298 756 1325 Bardis
762 1298 797 1329 ⁶⁴,
814 1307 849 1325 ao
861 1299 943 1326 solid.
961 1299 1030 1326 solv.

449 1347 552 1374 Rector
566 1355 636 1374 cum
648 1348 729 1374 sociis
743 1348 768 1374 3.

448 1396 597 1423 Johannes
611 1397 647 1424 de
662 1397 731 1428 Mili,
745 1404 844 1424 coram
858 1397 969 1431 palacio
983 1397 1020 1424 de
1034 1396 1133 1424 Ternis
1139 1397 1172 1422 ⁶5.

703 1474 735 1499 In
749 1473 807 1500 vico
822 1474 1007 1500 Latomorum.

449 1538 596 1565 Johannes
610 1539 646 1566 de
659 1539 801 1566 Chinuro.

448 1587 677 1614 Archidiaconus
691 1588 786 1615 Scocie
801 1596 871 1615 cum
886 1589 981 1615 fratre.

450 1637 548 1663 Frater
562 1637 733 1664 Ambrosius
748 1645 817 1664 cum
832 1638 949 1664 duobus
964 1637 1054 1665 sociis.

449 1685 672 1712 Bartholomeus
686 1694 756 1712 cum
772 1695 786 1721 7
802 1686 892 1713 sociis.

448 1734 595 1761 Johannes
618 1735 654 1762 de
673 1735 772 1762 Castro
796 1735 902 1762 Villani
926 1743 996 1762 cum
1021 1735 1036 1761 5
1058 1735 1149 1765 sociis,
1168 1735 1198 1761 15
1215 1734 1296 1761 solid.

413 1782 482 1810 solv.

448 1832 620 1859 Dominicus
642 1833 679 1859 de
701 1832 814 1867 Ispania
838 1840 908 1859 cum
929 1832 1084 1859 domicello
1105 1834 1218 1859 etcum
1237 1841 1299 1860 uno

412 1881 479 1907 alio.

447 1930 595 1957 Johannes
618 1931 782 1957 Almannus
805 1931 842 1957 de
866 1930 1067 1957 Constancia⁶⁶
1090 1939 1159 1957 cum
1183 1931 1299 1958 duobus

411 1979 503 2007 sociis.
719 2005 724 2008 .

743 2017 775 2042 In
789 2016 847 2042 vico
860 2017 964 2050 Harpe.

447 2083 560 2110 Domus
574 2084 723 2110 tesaurarii
735 2084 771 2111 de
783 2085 965 2118 Rotomagio.

446 2133 557 2159 Marcus
571 2133 598 2158 la
610 2133 699 2167 Goge,
715 2134 799 2167 cujus
814 2134 902 2160 bursa
913 2133 996 2161 valde
1010 2133 1098 2168 larga.

446 2181 600 2208 Gillelmus
614 2182 713 2216 Yngos
724 2190 793 2208 cum
809 2191 823 2208 2
840 2182 929 2209 sociis.

444 2230 542 2257 Micael
556 2230 592 2257 de
605 2231 686 2261 Area,
707 2232 738 2257 18
753 2231 835 2258 solid.
852 2232 920 2258 solv.

443 2279 559 2313 Teologi
574 2279 611 2306 de
627 2280 785 2311 Haricuria‚
800 2282 829 2307 et
844 2282 914 2307 sunt
928 2281 944 2307 6
958 2281 1034 2307 socii.

982 346 1300 369 CHARTULARIUM
1334 347 1524 369 UNIVERS.
1561 348 1689 370 PARIS.

1406 421 1511 448 Artiste
1525 422 1561 449 de
1574 422 1730 448 Haricuria.

1406 471 1571 497 Willelmus
1585 471 1622 498 de
1636 471 1770 498 Herches.

1407 519 1508 546 Simon
1523 520 1674 546 Hulardi⁰⁷
1696 528 1765 547 cum
1784 520 1918 548 Johanne
1932 522 1961 548 et
1974 521 2058 547 solvit
2078 521 2152 548 duos
2169 521 2250 548 solid.

1370 568 1476 594 solum.

1405 617 1532 651 Magistri
1545 618 1606 644 duo
1620 618 1656 644 de
1670 618 1798 648 Morelas.
1815 619 1831 644 8
1844 619 1938 650 solid.,
1955 619 1970 646 6
1985 619 2052 646 den.
2069 620 2138 646 solv.

1405 666 1558 693 Gillelmus
1573 667 1731 700 L'espicier.
1748 667 1763 694 3
1779 667 1861 694 solid.
1878 668 1947 694 solv.
1963 676 2033 695 cum
2048 677 2110 695 uno
2125 669 2209 696 socio.

1405 715 1483 745 Otto,
1500 716 1640 750 magister
1657 716 1771 744 Andree
1791 717 1827 743 de
1842 716 1978 747 Suetiassss,
2003 718 2160 744 canonicus
2173 719 2250 744 Lon—

1368 764 1534 790 donensis⁶⁹
1549 772 1619 791 cum
1634 764 1649 790 3
1665 765 1755 792 sociis.

1405 813 1506 840 Petrus
1520 813 1556 840 de
1571 813 1676 844 Laniis.
1693 814 1709 844 [⁸
1724 814 1806 841 solid.
1823 815 1892 841 solv.

1683 910 1784 936 Domus
1795 909 1931 937 Navarre.

1402 982 1508 1009 Artiste
1521 982 1555 1009 30
1569 991 1639 1010 cum
1654 984 1804 1019 magistro.

1403 1032 1594 1059 Grammatici
1608 1041 1652 1063 20.
1669 1032 1757 1069 [cum]
1773 1033 1912 1068 magistro
1926 1035 1955 1061 et
1969 1034 2172 1069 submagistro.

1402 1081 1518 1115 Teologi
1531 1090 1574 1112 πο,
1592 1080 1680 1118 [cum]
1693 1082 1839 1117 provisore
1853 1084 1882 1110 et
1896 1090 2005 1118 magno
2017 1084 2165 1118 magistro.

1402 1130 1417 1159 [ι
1433 1130 1582 1164 capellani.

1402 1206 1504 1233 Simon
1520 1206 1556 1234 de
1571 1207 1717 1242 Lantagiis
1731 1215 1801 1236 cum
1817 1207 1833 1234 6
1849 1208 1940 1239 sociis,
1958 1218 1974 1244 9
1989 1209 2070 1235 solid.
2088 1209 2157 1236 solv.

1401 1255 1548 1283 Johannes
1560 1256 1727 1284 Eremite70.

1688 1334 1720 1360 In
1734 1333 1792 1360 vico
1806 1333 1918 1361 Jude⁷¹.

1399 1407 1561 1441 Quintinus
1574 1416 1645 1436 cum
1662 1417 1692 1436 12
1707 1409 1796 1436 sociis.

1400 1497 1500 1523 Petrus
1514 1497 1551 1525 de
1563 1498 1658 1528 Mauo.
1671 1498 1731 1532 ipse
1737 1497 1762 1516 Π
1773 1506 1842 1525 cum
1854 1498 1869 1525 3
1884 1499 1965 1525 sociis
1975 1500 2004 1526 et
2014 1508 2029 1534 7
2040 1499 2247 1533 grammaticis.

1399 1546 1553 1573 Gillelmus
1566 1547 1603 1574 de
1616 1547 1761 1574 Silliniaco
1775 1555 1845 1574 cum
1860 1548 1876 1574 8
1890 1549 1998 1581 pueris.

1399 1595 1496 1622 Guido
1510 1596 1546 1623 de
1561 1596 1736 1627 Chabiliaco.
1753 1597 1768 1626 [ι
1781 1597 1862 1623 soiid.
1879 1597 1948 1623 solv.

1399 1644 1564 1672 Gilebertus
1576 1645 1690 1675 flemis,
1708 1654 1739 1671 10
1754 1646 1836 1673 solid.
1853 1646 1922 1673 solv.

1399 1693 1546 1721 Johannes
1561 1694 1682 1721 Poleter.

1400 1743 1542 1770 Robertus
1556 1743 1592 1770 de
1604 1743 1774 1779 Astanerfi’),
1790 1744 1805 1774 Δ
1820 1744 1915 1775 solid.‚
1932 1744 1948 1771 6
1963 1745 2029 1772 den.
2047 1746 2116 1772 solv.

1399 1791 1547 1819 Johannes
1560 1792 1597 1819 de
1611 1793 1723 1827 Brugis.

1400 1833 1483 1868 Pueri
1498 1841 1534 1868 de
1548 1842 1735 1868 Vauscolour.

1398 1889 1522 1916 Iacobus
1536 1890 1572 1917 de
1587 1891 1759 1918 Cantarana.

1399 1938 1547 1966 Johannes
1561 1940 1597 1966 de
1612 1940 1674 1966 Dia.

1398 1987 1492 2014 Hamo
1507 1988 1587 2014 Brito
1602 1996 1671 2015 cum
1691 1997 1720 2014 12
1736 1989 1826 2016 sociis.

1397 2037 1523 2063 Thomas
1537 2037 1573 2064 de
1587 2037 1721 2068 Carliolo‚
1738 2038 1906 2072 sirurgicus.

1397 2085 1544 2113 Johannes
1558 2087 1692 2120 Franoois
1706 2095 1776 2114 cum
1792 2096 1806 2113 2
1823 2087 1913 2114 sociis.

1397 2134 1542 2161 Gerardus
1555 2135 1591 2162 de
1603 2136 1720 2163 Turnei.

1397 2183 1545 2211 ,Iohannes
1558 2184 1731 2219 Valligerare
1745 2192 1814 2212 cum
1830 2185 1845 2211 3
1859 2185 1949 2212 sociis.

1396 2232 1528 2259 Anianus
1542 2241 1612 2260 cum
1625 2233 1641 2260 3
1655 2234 1745 2260 sociis.

1396 2281 1544 2309 Johannes
1555 2283 1592 2309 de
1607 2282 1702 2310 Janua
1714 2291 1783 2311 cum
1799 2292 1814 2310 2
1830 2284 1921 2316 sociis,
1938 2293 1954 2320 9
1968 2283 2051 2318 solid.
2068 2284 2138 2310 solv.

483 2377 561 2400 Arch.
581 2377 702 2401 Univers.
722 2377 816 2406 Paris„
837 2378 900 2409 Reg.
922 2378 944 2407 2,
971 2378 1015 2401 sol.
1039 2379 1119 2402 58-65.
1141 2378 1297 2410 Quicunque
1318 2378 1388 2402 hunc
1416 2387 1466 2404 ms.
1486 2380 1573 2403 adhuc
1597 2380 1736 2409 triverunt,
1762 2383 1791 2404 ut
1816 2381 1940 2411 Bulaeus,
1963 2381 1998 2405 Le
2019 2381 2102 2409 Clerc,
2125 2381 2211 2405 Vallet
2233 2381 2265 2404 de

390 2421 519 2450 Viriville,
536 2421 675 2451 Jourdain,
694 2422 856 2455 Budinszky,
876 2422 925 2446 hoc
944 2423 1131 2446 documentum
1144 2423 1348 2454 praeterierunt,
1370 2424 1551 2448 verisimiliter
1566 2424 1628 2456 quia
1643 2428 1672 2448 ut
1687 2433 1751 2456 pars
1766 2424 1906 2449 inhaerens
1928 2425 2057 2457 Reqistro
2071 2431 2188 2456 procur.
2205 2429 2266 2450 nat.

390 2466 498 2496 Anylic.
529 2466 687 2490 habebatur.
710 2467 739 2490 In
761 2467 825 2498 Reg.
846 2467 890 2490 cit.
910 2470 996 2490 exstat
1020 2467 1089 2490 enim
1116 2467 1143 2490 in
1163 2468 1214 2491 fine
1235 2471 1297 2499 post
1322 2471 1489 2492 enumeratas
1513 2469 1754 2497 determinationes,
1779 2478 1846 2501 quae
1875 2477 1917 2494 an.
1942 2470 2003 2493 1:347
2025 2469 2075 2493 sub
2093 2473 2265 2501 procuratore

389 2518 459 2541 mag.
482 2510 601 2534 Johanne
616 2511 647 2534 de
669 2511 792 2540 Wesalia,
808 2512 890 2535 electo
911 2512 1020 2535 Januar.
1038 2512 1077 2542 12,
1094 2512 1192 2536 fiebant
1210 2514 1252 2542 (cs.
1270 2513 1374 2537 Archiv
1394 2515 1413 2543 f.
1439 2513 1614 2538 Litteratur—
1635 2521 1665 2538 u.
1681 2514 1909 2544 Kirchenyesch„
1924 2514 1953 2543 V,
1970 2514 2082 2543 316-317,
2098 2517 2151 2538 not.
2168 2514 2200 2547 8).
2221 2514 2264 2538 Sic

389 2554 482 2583 evenit,
499 2558 527 2578 ut
541 2555 685 2586 Computus
701 2556 763 2579 anni
781 2557 851 2585 1464,
867 2564 883 2579 a
898 2556 930 2580 M.
946 2556 1079 2588 Spirgatis
1095 2557 1181 2580 editus
1198 2557 1535 2587 (Personalverzeichniss
1549 2559 1600 2582 der
1618 2558 1737 2583 Pariser
1756 2558 1923 2584 Universicdt
1939 2565 1995 2584 von
2014 2559 2075 2582 1464
2093 2558 2121 2582 in
2140 2559 2264 2590 Beihefto

387 2605 457 2623 zum
481 2600 667 2624 centralblatt
685 2600 735 2631 Ῑῖὶν
750 2600 1024 2634 Bibliothekswesen‚
1043 2601 1064 2631 Ι,
1080 2601 1196 2633 Leipzig,
1211 2602 1281 2633 1888)
1297 2602 1373 2633 quasi
1388 2602 1589 2634 antiquissimus
1605 2603 1723 2627 omnium
1739 2603 1815 2627 nobis
1834 2606 1912 2627 notus
1931 2603 2124 2633 aestimaretur,
2143 2603 2263 2635 quamvis

389 2643 434 2666 130
448 2643 523 2666 annis
540 2645 669 2668 recentior
683 2647 753 2668 esset
770 2653 849 2676 quam
862 2649 960 2669 noster.

480 2688 515 2711 Ut
530 2692 619 2712 nostru
635 2689 741 2712 rubrica
757 2698 839 2721 supra
855 2690 963 2720 indicat,
981 2691 1159 2722 fragmentum
1178 2691 1264 2714 solum
1285 2695 1415 2723 superest.
1432 2692 1532 2715 Desunt
1548 2692 1653 2715 initium
1667 2696 1693 2716 et
1707 2692 1775 2722 finis,
1793 2696 1818 2716 et
1832 2692 1859 2716 in
1874 2693 1960 2716 medio
1974 2692 2145 2716 inveniuntur
2159 2692 2263 2725 aliquae

387 2731 500 2762 paginae
513 2741 564 2755 non
580 2733 732 2765 inscriptae.
751 2733 793 2757 Sic
808 2737 833 2757 et
847 2735 975 2766 temporis
991 2738 1052 2758 nota
1067 2735 1148 2759 deest.
1166 2736 1355 2759 Documentum
1371 2739 1431 2759 ante
1447 2744 1489 2760 nn.
1506 2737 1565 2760 1341
1581 2737 1711 2768 scriptum
1726 2745 1783 2761 esse
1796 2737 1851 2769 jam
1867 2745 1899 2761 ex
1911 2737 1961 2761 hoc
1977 2737 2138 2768 colligimus,
2152 2737 2222 2769 quod
2236 2737 2263 2761 in

386 2779 461 2806 parte
476 2785 570 2800 aversa
590 2777 676 2800 ultimi
695 2778 751 2801 solii
768 2780 815 2808 (65)
832 2779 925 2802 relatio
941 2787 1013 2811 mag.
1036 2780 1119 2803 Ulrici
1141 2780 1285 2812 receptoris
1306 2783 1360 2804 nat.
1376 2781 1478 2812 Anglic.
1501 2789 1543 2805 an.
1565 2781 1624 2805 1341
1651 2782 1778 2813 sequitur.
1802 2782 1853 2805 Sed
1875 2785 1901 2805 et
1921 2785 1981 2805 ante
1997 2790 2040 2805 an.
2057 2782 2128 2812 1340,
2143 2781 2207 2805 Julii
2223 2781 2262 2812 14,

387 2819 514 2851 scriptum
535 2829 591 2844 esse
611 2821 634 2844 ei
655 2822 826 2853 perspicuum
846 2823 896 2846 erit
916 2824 959 2855 qui
978 2824 1075 2847 viderit
1094 2824 1120 2847 in
1136 2825 1265 2856 computo
1286 2825 1443 2848 mentionem
1463 2825 1520 2849 fieri
1539 2825 1650 2850 oliverii
1671 2826 1781 2850 Salhudi
1796 2827 1888 2858 (supra
1902 2834 1929 2858 p.
1945 2826 2021 2856 661·)‚
2038 2826 2083 2858 qui
2103 2829 2191 2850 tamen
2212 2825 2262 2850 sub

386 2863 435 2887 hoc
456 2867 574 2896 tempore
596 2866 736 2898 episcopus
760 2867 933 2891 Nannetensis
962 2869 1046 2892 sactus
1071 2872 1112 2892 est
1133 2870 1224 2900 (supra
1246 2873 1275 2892 ¹1⁰
1299 2870 1353 2899 774,
1375 2873 1429 2894 not.
1450 2870 1484 2900 1).
1509 2870 1668 2902 Computum
1690 2871 1765 2903 prius
1786 2871 1876 2901 etiam,
1905 2871 2006 2895 scilicet
2031 2871 2101 2894 intra
2122 2879 2165 2895 an.
2190 2871 2261 2898 1329,

386 2908 519 2939 Septemb.
536 2910 572 2938 15,
590 2913 615 2933 et
630 2918 671 2934 an.
689 2911 759 2940 1336,
775 2915 835 2935 ante
849 2912 937 2935 Martii
953 2913 975 2941 7,
990 2913 1166 2944 compositum
1180 2921 1248 2943 esse,
1266 2913 1381 2945 probare
1394 2915 1525 2939 volumus.
1543 2915 1630 2947 Supra
1644 2924 1673 2947 p.
1687 2916 1747 2939 ‹562¹›
1760 2916 1869 2940 affertur
1884 2917 1987 2941 domus
2001 2917 2034 2940 de
2048 2916 2217 2946 Narborma,
2236 2917 2262 2939 et
