2534 3444
392 353 457 385 484
973 360 1290 383 CHARTULARIUM
1325 359 1510 381 Uvamis.
1548 359 1675 381 rmus.
2164 345 2264 382 [1339

393 436 569 469 scolarem
591 435 747 480 aliquem
769 435 984 480 cognoverit
1003 446 1067 468 seu
1089 433 1268 467 audiverit
1294 433 1463 466 decetero
1489 433 1533 466 de
1564 433 1710 474 talibus,
1737 439 1776 466 ut
1801 433 2034 478 premittitur,
2062 432 2119 466 vel
2145 432 2265 465 consi-

394 502 543 545 milibus
564 514 628 547 per
649 514 718 547 que
740 508 866 547 posset
885 501 1002 547 ipsius
1022 501 1113 534 fama
1134 500 1284 533 Ordinis
1308 499 1558 533 verisimiliter
1584 499 1769 545 denigrari
1793 506 1853 532 aut
1880 499 2089 532 scandalum
2118 499 2265 544 aliquod

395 569 568 610 suboriri,
595 568 812 614 culpabilem
838 568 896 601 vel
921 568 1140 600 diffamatum
1162 566 1371 600 notabiliter
1397 566 1455 599 vel
1481 573 1704 611 suspectum,
1733 578 1813 599 cum
1842 566 2007 611 magistri
2037 566 2200 611 regentis
2231 573 2266 599 et

394 636 670 669 bacallariorum
700 635 855 668 consilio
884 635 1003 679 ipsum
1031 634 1075 667 ad
1096 634 1283 679 proprium
1313 633 1574 666 monasterium
1601 633 1770 666 celeriter
1798 645 1872 666 non
1900 632 2042 666 differat
2067 633 2262 675 destinare,

395 715 538 736 causam
561 702 791 735 remissionis
811 701 928 746 ipsius
948 700 1067 733 abbati
1089 701 1168 733 sine
1189 700 1397 745 palliatione
1418 711 1644 744 quacumque
1666 711 1731 744 per
1750 699 1889 732 litteras
1910 700 2159 744 exprimendo.
2191 701 2264 732 Nec

395 776 513 802 tamen
534 775 719 814 presumat
739 768 929 813 quisquam
951 767 1062 800 abbas
1087 766 1206 799 taliter
1227 766 1420 798 remissum
1441 765 1485 798 ad
1505 765 1654 809 aliquod
1674 765 1831 798 officium
1853 765 2022 798 decetero
2053 766 2132 799 sine
2153 778 2266 811 gene-

395 836 480 869 ralis
502 835 659 880 Capituli
680 835 824 867 licentia
846 845 1074 879 promovere,
1097 833 1269 877 quinymo
1291 832 1411 876 ipsum
1432 843 1496 876 per
1521 832 1843 864 incarcerationem
1870 831 1929 865 vel
1949 831 2037 865 alias
2063 833 2264 865 secundum

395 903 511 948 ipsius
532 902 706 935 demerita
726 901 845 934 taliter
865 900 990 945 puniat
1011 899 1109 944 quod
1130 898 1242 931 ceteri
1262 898 1392 931 merito
1413 904 1630 930 terreantur.

483 970 585 1009 Item,
611 967 846 1007 insolencias,
873 965 1138 999 dissolutiones
1165 971 1198 997 et
1224 964 1402 997 novitates
1427 963 1608 996 indebitas
1637 964 1675 996 in
1704 963 1887 1009 aliquibus
1920 964 2201 998 solennitatibus
2228 965 2265 997 in

394 1036 522 1068 Sancto
544 1034 729 1066 Bernardo
751 1045 768 1065 a
790 1032 947 1077 singulis
968 1030 1178 1064 nationibus
1199 1031 1235 1063 in
1257 1030 1437 1071 serviciis,
1454 1030 1491 1062 in
1507 1029 1808 1072 comestionibus,
1826 1030 1936 1072 ludis,
1955 1031 2162 1076 ineptisque
2179 1043 2265 1064 con-

392 1100 586 1134 venticulis
605 1099 676 1133 hiis
698 1098 923 1144 temporibus
951 1097 1030 1130 fieri
1058 1097 1259 1139 consuetis,
1282 1103 1430 1141 propter
1458 1108 1528 1141 que
1558 1097 1710 1138 maxima
1735 1097 1932 1142 insurgunt
1957 1104 1992 1130 et
2017 1097 2266 1131 verisimiliter

393 1174 548 1212 possunt
567 1167 760 1211 insurgere
789 1165 1040 1198 discriminum
1070 1163 1243 1209 pericula,
1275 1163 1459 1196 enervatio
1480 1163 1630 1196 Ordinis
1659 1163 1864 1208 disciplina,
1895 1163 2104 1209 bonumque
2131 1175 2265 1197 nomen

392 1241 426 1267 et
446 1234 630 1278 profectus
652 1232 875 1265 studentium
898 1231 1084 1272 minuitur,
1108 1230 1281 1264 aborrens
1304 1236 1339 1262 et
1359 1230 1544 1263 detestans
1565 1229 1771 1275 Capitulum
1789 1223 1960 1275 generale
1982 1230 2069 1263 istas
2087 1231 2265 1264 novitates

391 1313 429 1333 ac
451 1299 714 1333 dissolutiones
736 1299 904 1331 decetero
931 1297 1009 1330 fieri
1035 1296 1206 1342 prohibet
1225 1297 1262 1329 in
1288 1297 1384 1329 dicto
1406 1297 1528 1330 studio
1554 1297 1591 1329 in
1611 1297 1789 1338 futurum,
1821 1297 2041 1342 quicumque
2070 1308 2157 1330 vero
2183 1308 2267 1342 pre-

391 1368 500 1400 missa
521 1365 812 1411 presumpserint
832 1365 1001 1398 decetero
1023 1370 1248 1409 attemptare,
1270 1375 1289 1396 a
1310 1363 1405 1397 dicto
1428 1363 1549 1396 studio
1571 1363 1729 1396 totaliter
1756 1363 1997 1408 expellentur,
2029 1375 2095 1396 nec
2125 1363 2264 1397 eisdem

391 1435 434 1467 de
456 1433 659 1466 communis
680 1432 791 1465 burse
813 1431 1015 1464 substantia
1035 1430 1173 1475 aliquid
1194 1430 1349 1463 ulterius
1370 1430 1609 1463 ministretur.

480 1502 581 1541 Item,
606 1499 756 1532 eandem
778 1510 904 1544 penam
928 1498 1133 1531 sustineant
1153 1497 1362 1542 quicunque
1383 1497 1420 1529 in
1442 1496 1659 1542 quibusdam
1680 1496 1953 1538 festivitatibus,
1975 1497 2012 1529 in
2033 1496 2186 1530 cameris
2206 1496 2265 1530 vel

389 1567 488 1609 alibi,
509 1567 546 1599 in
568 1567 663 1600 dicto
686 1566 807 1599 studio
828 1565 956 1598 ludere
978 1576 1043 1598 seu
1065 1564 1152 1597 alias
1173 1564 1379 1597 inordinate
1400 1576 1440 1597 se
1461 1563 1596 1597 habere
1617 1575 1682 1597 seu
1703 1576 1830 1597 coreas
1852 1576 1916 1609 per
1936 1564 2056 1597 curias
2075 1563 2134 1597 vel
2149 1563 2264 1608 jardi-

391 1646 457 1667 nos
478 1646 558 1667 cum
584 1632 838 1666 instrumentis
869 1631 1105 1664 musicalibus
1135 1631 1282 1672 ducere,
1312 1637 1373 1663 aut
1401 1643 1481 1663 cum
1511 1630 1621 1664 larvis
1648 1630 1706 1664 vel
1735 1631 1857 1672 armis,
1890 1630 2108 1676 quandoque
2138 1629 2263 1663 habitu

390 1700 621 1746 superposito
643 1699 811 1740 seculari,
833 1698 891 1732 vel
912 1710 977 1743 per
998 1697 1251 1731 dormitorium
1273 1697 1318 1730 de
1335 1704 1440 1730 nocte
1462 1697 1670 1730 discurrere
1691 1704 1726 1730 et
1746 1697 1836 1730 alios
1853 1698 2055 1742 inquietare
2072 1708 2264 1742 presump-

389 1767 503 1800 serint
522 1767 559 1799 in
579 1767 752 1807 futurum,
776 1765 973 1809 nullusque
995 1764 1171 1798 secularis
1192 1763 1354 1808 predicta
1374 1764 1628 1805 instrumenta,
1651 1776 1720 1809 que
1741 1764 1933 1809 religionis
1954 1764 2101 1809 puritati
2121 1770 2264 1796 contra-

389 1835 524 1872 dicunt,
548 1833 616 1866 sub
637 1833 742 1878 penis
763 1832 939 1878 predictis
959 1831 1089 1864 audeat
1109 1831 1278 1864 decetero
1299 1842 1517 1864 conservare
1539 1830 1608 1864 sub
1629 1843 1721 1876 pena
1746 1830 1916 1876 superius
1943 1830 2136 1863 nominata.
2165 1829 2263 1862 Inhi-

389 1901 450 1934 bet
470 1900 739 1933 districtissime
761 1899 856 1931 idem
879 1897 1086 1943 Capitulum
1107 1909 1152 1930 ne
1173 1897 1280 1930 alicui
1302 1897 1347 1930 ad
1368 1898 1552 1930 Franciam
1573 1898 1610 1930 in
1631 1898 1761 1930 Sancto
1783 1897 1969 1930 Bernardo
1990 1896 2152 1930 venienti
2178 1908 2262 1941 pro-

389 1968 552 2001 videatur
573 1979 637 2012 per
657 1966 814 2011 aliquem
836 1965 880 1997 de
901 1976 1041 1997 camera
1063 1976 1128 1997 seu
1149 1964 1335 2009 confugio,
1359 1964 1430 1997 nisi
1451 1976 1516 2009 per
1535 1964 1763 2009 provisorem
1793 1963 1878 1996 dicti
1905 1963 1976 1996 loci
2003 1969 2038 1996 et
2066 1962 2261 1996 consilium

391 2046 545 2079 persone
567 2032 817 2066 sufficientiam
840 2031 1081 2076 meritumque
1102 2031 1264 2076 requirat
1284 2030 1399 2075 palam
1418 2030 1461 2063 ab
1483 2030 1653 2063 omnibus
1674 2031 1711 2063 in
1732 2030 1901 2071 consilio,
1924 2029 2057 2063 auxilio
2088 2036 2124 2062 et
2148 2028 2262 2062 collo-

390 2101 474 2146 quio
492 2100 648 2133 totaliter
666 2099 821 2133 evitetur
837 2098 906 2131 sub
923 2098 1028 2143 penis
1042 2097 1266 2130 antedictis2.
1284 2097 1415 2130 Nullus
1432 2097 1538 2130 etiam
1555 2097 1692 2130 ibidem
1710 2103 1832 2130 teneat
1846 2096 2021 2129 famulum
2039 2096 2261 2129 servientem

388 2167 445 2200 vel
466 2167 680 2212 scriptorem
702 2165 772 2198 nisi
794 2177 859 2210 pro
881 2164 944 2197 illo
964 2164 1222 2206 inbursaverit,
1244 2163 1405 2209 exceptis
1426 2163 1631 2197 bacallariis
1659 2170 1720 2196 aut
1744 2162 1890 2208 publice
1923 2162 2147 2208 legentibus,
2173 2162 2262 2195 alio-

390 2235 476 2279 quin
497 2234 604 2266 bonis
624 2232 856 2266 comunitatis
876 2237 995 2264 careat
1015 2231 1235 2276 quicumque
1256 2230 1339 2263 huic
1361 2229 1498 2263 salubri
1520 2237 1652 2263 statuto
1678 2229 1838 2263 noluerit
1867 2229 2030 2262 obedire.
2061 2229 2261 2263 Cellerario

389 2313 474 2334 vero
497 2301 583 2333 dicti
604 2299 715 2332 studii
737 2299 832 2331 idem
854 2297 1059 2343 Capitulum
1083 2297 1235 2342 precipit
1257 2297 1294 2329 in
1314 2297 1447 2330 virtute
1469 2304 1591 2330 sancte
1613 2296 1822 2330 obedientie
1848 2296 2018 2341 quatinus
2049 2295 2148 2329 omni
2173 2302 2262 2328 tem-

391 2380 490 2412 pore,
508 2374 576 2400 tam
598 2365 727 2411 yemali
744 2377 849 2410 quam
867 2365 996 2406 estivo,
1015 2364 1221 2397 immediate
1242 2370 1383 2396 cantato
1404 2363 1642 2408 completorio
1663 2370 1786 2408 portas
1808 2363 1894 2396 dicti
1915 2362 1986 2395 loci
2003 2362 2122 2395 claudi
2141 2362 2258 2403 faciat,

391 2446 434 2467 ne
456 2434 646 2478 quisquam
668 2438 852 2477 presumat
872 2438 998 2476 postea
1019 2430 1174 2464 seculari
1196 2431 1387 2463 occasione
1409 2442 1663 2475 quemcunque
1679 2429 1815 2462 ibidem
1836 2429 2006 2462 retinere.
2030 2428 2258 2462 Contrarium

390 2501 562 2534 facientes
583 2511 686 2545 pane,
708 2499 793 2532 vino
815 2505 850 2531 et
870 2498 1024 2542 pitancia
1045 2497 1234 2542 priventur
1254 2497 1413 2531 totaliter
1433 2509 1504 2530 una
1525 2497 1661 2530 die¹....

478 2566 656 2600 Generale
676 2564 880 2610 Capitulum
902 2564 1056 2609 precipit
1076 2570 1110 2597 et
1130 2564 1288 2608 injungit
1310 2570 1349 2596 ut
1368 2564 1506 2608 singuli
1526 2563 1735 2597 sacerdotes
1750 2563 1787 2595 in
1804 2562 1900 2596 dicto
1918 2562 2038 2595 studio
2055 2561 2260 2594 residentes

391 2633 502 2666 semel
523 2633 566 2665 ad
587 2633 706 2664 minus
728 2632 764 2663 in
795 2631 978 2675 quindena
1008 2630 1174 2663 confiteri
1195 2637 1231 2663 et
1255 2629 1454 2672 celebrare,
1487 2631 1592 2663 etiam
1623 2642 1697 2663 non
1727 2629 1936 2663 sacerdotes
1964 2627 2132 2662 similiter
2162 2638 2260 2660 com-

392 2700 574 2732 municare
596 2704 797 2731 teneantur.

482 2778 549 2800 Bibl.
561 2781 614 2800 nat.
630 2777 713 2800 Paris.
729 2785 777 2799 ms.
794 2777 840 2800 lat.
856 2777 940 2804 10894,
958 2777 1002 2799 fol.
1020 2777 1073 2799 188.
1085 2790 1116 2794 —-
1129 2777 1198 2800 Haec
1211 2779 1310 2799 statuta
1325 2777 1420 2800 desunt
1434 2776 1461 2799 in
1476 2776 1544 2799 Bibl.
1558 2776 1632 2800 Caes.
1643 2776 1754 2800 Vindob.
1769 2784 1819 2800 ms.
1838 2776 1884 2799 lat.
1901 2776 1971 2803 2234,
1987 2782 2000 2798 e
2015 2782 2066 2806 quo
2081 2773 2189 2802 Winter,
2203 2771 2256 2796 Die

391 2822 584 2847 Cistercienser
597 2823 641 2845 des
656 2821 790 2845 ηονιῖὄετῑ.
806 2821 1019 2850 Deutschlands,
1036 2821 1081 2849 111,
1099 2822 1144 2844 296
1159 2829 1198 2852 sq.
1216 2821 1307 2844 Simile
1322 2821 1449 2853 quiddam
1464 2822 1577 2844 refertur
1592 2821 1656 2844 ibid.
1672 2821 1705 2844 ad
1720 2829 1762 2844 an.
1780 2821 1849 2850 1341,
1863 2829 1890 2852 p.
1908 2821 1962 2843 300.

481 2902 502 2924 1.
522 2902 550 2924 ln
566 2900 686 2931 Capitulo
700 2900 816 2931 generali
827 2900 888 2923 anni
904 2900 1036 2931 sequentis
1052 2900 1174 2924 omnibus
1191 2901 1332 2924 abbatibus
1348 2901 1492 2930 inhibetur,
1507 2909 1539 2924 ne
1554 2900 1670 2924 Parisios
1685 2909 1729 2924 eos
1742 2900 1876 2924 scholares
1891 2899 2006 2927 mittant,
2022 2897 2067 2929 qui
2082 2905 2134 2920 non
2147 2895 2256 2919 student
