2534 3444
411 346 475 378 626
990 357 1307 380 CHARTULARIUM
1341 358 1527 381 umvsns.
1564 358 1692 380 PAms.
2178 343 2277 380 [1349

413 431 455 462 Et
475 429 535 462 fiat
563 430 763 475 assignatio
789 443 854 476 per
880 431 1091 477 episcopum
1109 431 1371 465 Tricastrinum
1393 439 1428 466 et
1448 432 1601 466 electum
1629 432 1979 477 petragoricensem.
2003 431 2043 463 R.
2150 431 2277 463 Datum

410 497 599 530 Avenione
624 497 698 542 xiiij
722 497 789 531 kal.
811 499 923 540 Junii,
945 511 1040 531 anno
1061 504 1200 532 octavo.

503 605 564 635 Reg.
579 605 636 628 Vat.
654 605 772 636 Supplic.
790 605 931 629 Clementis
947 606 989 635 VI,
1005 614 1047 629 an.
1062 607 1084 634 8,
1101 614 1127 637 p.
1144 607 1167 634 2,
1194 606 1238 629 sol.
1254 606 1293 629 91.
1307 620 1338 623 —
1353 606 1388 629 De
1412 605 1522 629 consilio
1544 609 1656 637 quatuor
1681 605 1836 629 facultatum
1861 604 2047 628 Universitatis
2071 604 2155 628 Paris.
2178 603 2278 626 rotulos

410 649 529 672 mittendi
545 649 578 672 ad
593 649 693 672 0001010
709 650 781 673 Rom.
799 651 850 679 (00.
868 650 937 678 1348,
954 650 1016 673 Maii
1035 651 1057 678 6,
1075 650 1097 681 7)
1112 658 1136 673 v.
1154 658 1235 681 supra
1251 654 1280 673 0ο
1295 650 1364 673 1152.
1381 650 1515 681 Epistulae
1531 649 1672 673 Clementis
1686 650 1718 672 VI
1735 657 1801 681 quae
1816 649 1849 672 ad
1864 649 2003 680 petitiones
2025 649 2191 680 singulorum
2210 648 2279 670 refe-

409 697 503 717 runtur
519 694 649 725 (quamvis
662 694 767 726 aliquae
782 694 887 724 desint),
904 697 1008 717 exstant
1023 694 1048 717 in
1066 695 1128 725 Reg.
1145 694 1244 718 Comm.
1262 703 1305 718 an.
1321 696 1343 723 8,
1358 694 1491 726 imprimis
1507 694 1533 717 in
1549 694 1583 717 01ι
1598 694 1652 723 194,
1669 694 1713 717 197
1730 696 1755 717 01
1771 694 1824 717 198.
1839 694 1875 717 De
1888 693 1997 722 nuntiis,
2014 693 2059 725 qui
2074 694 2129 724 jam
2149 700 2191 715 an.
2209 692 2278 720 1348,

408 738 533 762 Nox-emb.
551 739 588 767 24,
606 738 706 762 curiam
722 739 795 763 Rom.
812 739 953 768 intrarunt,
970 747 993 762 v.
1011 739 1134 762 similiter
1148 747 1230 771 supra
1245 743 1274 762 0ο
1288 739 1358 768 1152,
1375 742 1428 762 not.
1444 739 1473 762 V.
1488 742 1626 770 praeterea
1641 738 1710 761 infra
1722 738 1942 761 introductionem
1959 738 1992 761 ad
2009 742 2060 761 num
2075 738 2143 762 1165.

502 833 523 855 1.
541 832 697 856 Guillelmus
713 832 832 863 Guitard,
849 832 932 856 abbas
949 833 974 856 S.
992 832 1101 856 Taurini
1120 832 1224 856 Ebroic.
1242 832 1324 856 dioec.
1341 832 1404 856 Ord.
1424 832 1450 855 S.
1467 832 1507 861 Β.,
1525 832 1558 855 ab
1574 840 1617 855 an.
1634 832 1703 860 1348,
1721 831 1832 863 Augusti
1851 831 1888 857 14,
1911 831 2051 863 episeopus
2071 830 2182 855 Tricast.
2205 831 2277 862 (Reg.

408 877 534 900 Clement.
551 878 594 906 VI,
610 881 639 900 n⁰
654 877 708 905 187,
724 878 767 900 [01.
784 878 833 907 49),
852 885 894 900 00.
914 877 983 904 1349,
999 877 1125 900 Novemb.
1139 878 1163 905 4,
1180 877 1213 900 ad
1231 877 1287 901 sed.
1303 876 1454 900 Lexoviens.
1471 877 1616 900 translatus
1633 876 1718 907 (ibid.,
1741 880 1770 899 n⁰
1791 876 1844 903 192,
1870 876 1915 899 [01.
1942 876 2008 906 42¹²).
2033 876 2097 899 Erat
2115 875 2279 899 decretorum

407 922 507 945 doctor.
521 922 550 945 V.
567 922 598 944 de
616 922 675 952 ipso
690 921 814 950 Albanas,
829 921 901 946 Hist.
924 923 971 946 des
988 921 1112 952 Eveques
1132 921 1575 949 saint-Paul·Trois-Chateaux,
1596 929 1623 952 p.
1647 921 1674 943 21
1700 920 1835 952 sqq.,12*
1859 928 1917 952 sqq.
1941 933 1973 938 —
1997 921 2021 944 2.
2043 920 2222 948 Guillelmum,
2246 919 2280 943 ab

406 974 448 989 an.
464 966 532 995 1348,
552 966 627 990 Febr.
645 966 682 994 13,
699 966 853 997 episcopum
868 966 1122 997 Petraguricencem,
1137 974 1196 988 cum
1209 969 1279 989 esset
1293 965 1368 997 prius
1384 965 1558 989 cancellarius
1571 965 1664 988 eccles.
1681 964 1859 994 Belvacensis,
1875 964 1994 988 notarius
2009 973 2095 996 papae
2110 967 2135 988 et
2153 964 2279 988 diaconus

408 1012 480 1042 (Reg.
497 1011 622 1035 Clement.
638 1011 679 1038 Vl,
697 1014 726 1033 n⁰
739 1011 793 1040 181,
812 1011 857 1033 [01.
874 1011 923 1040 55),
939 1013 1000 1042 post
1014 1010 1215 1034 translationem
1231 1010 1316 1039 (Febr.
1330 1010 1367 1040 13)
1385 1010 1503 1039 Arnuldi,
1517 1010 1581 1033 olim
1591 1009 1689 1041 prioris
1702 1009 1837 1041 prioratus
1846 1009 1878 1032 de
1894 1009 1952 1038 Sos,
1968 1009 1999 1033 Ο.
2011 1010 2037 1032 S.
2051 1010 2127 1040 Aug..
2143 1008 2277 1040 Apumiar.

406 1055 499 1084 dioec.,
515 1055 548 1078 ad
564 1055 651 1078 sedem
667 1054 838 1086 Apamiarum
854 1055 926 1086 (Reg.
944 1055 1069 1078 Clement.
1086 1055 1128 1083 VI,
1146 1059 1174 1077 0ο
1189 1055 1243 1083 181,
1261 1055 1305 1078 [01.
1323 1054 1377 1078 54¹².
1397 1054 1528 1078 Arnaldus
1543 1057 1605 1086 post
1615 1054 1717 1077 obitum
1733 1053 1864 1082 Ademari,
1879 1062 1921 1077 00.
1939 1054 2008 1082 1347,
2024 1053 2116 1077 00101).
2136 1053 2174 1082 15,
2195 1054 2278 1077 factus

405 1103 445 1123 est
459 1099 599 1131 episcopus
615 1099 834 1131 Petrugoricens„
850 1099 925 1129 ibid„
942 1103 970 1122 n⁰
988 1100 1041 1128 178,
1059 1099 1103 1122 fol.
1121 1099 1189 1130 11¹2).
1205 1099 1277 1127 Quae
1292 1099 1381 1127 Gams,
1400 1099 1460 1123 Ser.
1473 1099 1564 1129 episc„
1581 1099 1613 1122 de
1628 1098 1670 1122 his
1685 1107 1699 1122 e
1711 1098 1785 1123 Gall.
1804 1099 1916 1128 Christ„
1938 1101 1964 1122 et
1986 1098 2042 1121 Mus
2059 1098 2146 1122 Latrie
2160 1106 2174 1122 e
2189 1098 2278 1126 Gams,

405 1144 525 1172 offerunt,
540 1144 618 1167 nimis
634 1152 725 1167 manca
737 1147 763 1167 et
778 1144 903 1167 mendosa
921 1147 990 1168 sunt.
1002 1143 1169 1172 Guillelmus,
1184 1144 1393 1175 Petragoricens.
1408 1144 1515 1172 electus,
1532 1152 1573 1167 00.
1587 1143 1656 1173 1349,
1668 1143 1733 1167 Julii
1748 1144 1786 1172 27,
1799 1143 1833 1166 ad
1847 1143 1935 1166 sedem
1951 1143 2105 1166 Bracarens.
2121 1143 2280 1166 transfertur

405 1189 488 1218 (ibid.,
507 1193 534 1211 n⁰
549 1189 602 1216 195,
620 1188 665 1212 sol.
682 1188 741 1217 15b;
757 1188 780 1211 ei
796 1188 846 1211 sub
861 1188 951 1211 eadem
968 1188 1095 1219 temporis
1111 1191 1173 1211 nota
1192 1188 1294 1216 Petrus,
1312 1188 1394 1219 episc.
1412 1188 1516 1217 Veron.‚
1541 1188 1568 1211 in
1583 1188 1645 1211 sede
1667 1187 1829 1219 Petrugoric.
1855 1187 1991 1217 suecessit,
2017 1187 2093 1220 ibid.,
2119 1186 2164 1210 sol.
2187 1186 2235 1216 21).
2251 1200 2278 1204 —

404 1235 425 1256 3.
444 1234 490 1257 An.
507 1233 578 1263 1342,
593 1233 685 1256 Octob.
701 1234 725 1261 4,
742 1236 850 1256 vocatur
866 1232 892 1255 in
905 1236 954 1256 art.
974 1235 999 1256 et
1011 1233 1078 1256 med.
1096 1240 1176 1263 mag.,
1194 1232 1364 1256 buccalureus
1389 1232 1415 1255 in
1428 1232 1517 1261 theol.,
1541 1232 1680 1264 sociusque
1695 1232 1789 1256 domus
1814 1231 1949 1255 Sorbonae
1971 1231 2101 1263 (Supplic.
2129 1231 2211 1255 Clem.
2235 1231 2277 1260 Vl,

404 1287 446 1301 nn.
464 1279 484 1307 1,
502 1287 528 1309 p.
546 1278 567 1306 1,
586 1278 630 1301 sol.
645 1278 704 1306 241;
722 1278 795 1308 Reg.,
812 1282 840 1300 n⁰
856 1277 909 1305 148,
930 1277 974 1300 [01.
989 1278 1038 1307 99).
1055 1278 1114 1301 Jam
1132 1280 1194 1300 tunc
1209 1286 1302 1300 canon.
1319 1277 1460 1301 Paduanus
1477 1278 1561 1301 factus
1579 1280 1627 1300 est.
1645 1278 1692 1300 An.
1709 1277 1778 1306 1343,
1802 1280 1831 1300 ut
1847 1277 1940 1300 doctor
1962 1276 2052 1306 theol„
2079 1276 2106 1299 10
2130 1275 2198 1299 Bibl.
2224 1277 2279 1298 nat.

404 1322 496 1351 Paris.,
514 1330 563 1346 ms.
579 1323 625 1346 lat.
642 1322 728 1350 15438,
745 1322 789 1345 [01.
806 1323 847 1351 93,
864 1321 981 1345 affertur.
1002 1321 1041 1346 Cf.
1065 1321 1170 1350 Delisle,
1198 1322 1261 1346 oab.
1287 1323 1334 1346 des
1358 1328 1432 1350 mss„
1458 1322 1489 1350 ll,
1516 1322 1569 1345 156.
1584 1322 1630 1345 An.
1652 1322 1722 1350 1353,
1748 1321 1824 1345 Febr.
1839 1322 1854 1345 3
1870 1323 1939 1351 (cum
1954 1320 2063 1345 Parisiis
2087 1321 2175 1350 esset),
2193 1322 2280 1343 rector

403 1367 511 1398 paroch.
528 1367 589 1390 0001.
606 1367 638 1390 (10
653 1367 768 1398 Moyncu,
785 1366 889 1390 Belvac.
907 1366 999 1395 dioec„
1017 1366 1060 1398 qui
1077 1366 1168 1389 debuit
1180 1366 1317 1389 ecclesiam
1333 1366 1364 1390 de
1381 1366 1495 1389 Frevilla
1512 1366 1630 1390 obtinere
1654 1366 1727 1398 (Reg.
1751 1366 1883 1390 Innocent.
1904 1366 1947 1395 Vl,
1963 1370 1992 1389 11⁰
2013 1365 2068 1394 221,
2089 1365 2135 1389 fol.
2151 1364 2233 1395 308⁶).
2249 1377 2280 1382 --

402 1413 425 1435 4.
440 1412 486 1435 An.
505 1412 575 1440 1351,
590 1411 716 1435 Novemb.
732 1412 755 1439 6,
772 1404 831 1434 00111
846 1411 879 1434 ad
895 1419 954 1434 eum
969 1413 994 1434 et
1008 1410 1136 1434 Jacobum
1155 1410 1230 1440 Mitti,
1248 1411 1382 1434 doctorem
1397 1410 1481 1442 ejusd.
1498 1410 1616 1439 Ordinis,
1632 1410 1786 1434 mandatum
1802 1410 1977 1441 apostolicum
2000 1409 2172 1441 pervenisset,
2193 1409 2277 1432 Fren-

403 1456 472 1479 cisco
488 1456 519 1479 de
535 1455 679 1487 Murgantia
695 1455 727 1478 de
742 1455 877 1486 Fulgineo,
894 1455 979 1486 ejusd.
993 1455 1067 1483 Ord.,
1084 1455 1269 1486 magisterium
1284 1455 1311 1478 in
1325 1455 1406 1478 theol.
1422 1455 1449 1478 in
1470 1455 1558 1478 studio
1582 1454 1710 1478 Perusino
1735 1454 1897 1485 conferendi,
1916 1454 1972 1486 jam
1994 1454 2098 1478 Perusii
2122 1453 2277 1477 morabatur

403 1501 474 1531 (Reg.
492 1500 618 1524 Clement.
634 1500 675 1528 Vl,
691 1504 720 1522 n⁰
736 1500 789 1528 211,
807 1499 852 1523 [01.
870 1500 933 1528 137).
950 1513 981 1517 ——
995 1502 1018 1523 5.
1035 1500 1081 1524 An.
1099 1499 1159 1523 1357
1175 1499 1224 1523 fuit
1242 1499 1461 1531 poenitentiarius
1477 1507 1563 1531 papae
1579 1499 1605 1522 in
1621 1499 1746 1523 Flandria
1770 1499 1899 1531 (Supplic.
1923 1499 2012 1523 Innoc.
2036 1499 2079 1527 Vl,
2102 1506 2145 1522 00.
2171 1500 2195 1530 5,
2210 1506 2237 1529 p.
2254 1497 2278 1525 1,

404 1545 447 1568 fol.
464 1545 527 1574 323).
543 1545 578 1568 De
593 1553 623 1568 eo
637 1544 696 1568 Joh.
714 1543 803 1567 Trisse
818 1543 845 1567 in
861 1543 946 1567 Cutnl.
962 1552 1031 1575 mag.
1048 1543 1160 1575 (Archiv
1175 1545 1194 1574 f.
1209 1544 1380 1568 Litteratur-
1397 1551 1428 1568 u.
1444 1544 1673 1574 Kirchenqesch„
1695 1544 1725 1572 V,
1750 1544 1805 1573 376,
1827 1548 1856 1567 11ο
1880 1544 1928 1573 31).
1954 1543 1983 1566 ln
2008 1542 2084 1566 Arch.
2108 1545 2221 1566 monast.
2247 1542 2275 1566 S.

402 1589 471 1613 Petri
486 1589 645 1620 Snlisburg.,
657 1597 680 1612 a.
698 1589 751 1612 xn.
767 1589 804 1616 13,
821 1588 847 1611 10
858 1592 933 1619 parte
947 1596 1041 1611 aversa
1056 1588 1143 1612 ultimi
1159 1588 1215 1611 solii
1230 1588 1329 1620 legitur
1344 1596 1349 1611 ’.
1369 1597 1379 1611 u
1396 1596 1439 1612 an.
1455 1589 1529 1612 Dom.
1548 1589 1572 1612 M
1583 1588 1644 1612 CCC
1656 1588 1728 1617 Lxx,
1743 1588 1809 1612 vdie
1824 1587 1920 1616 Martii,
1938 1588 1977 1611 sol
1992 1587 2070 1611 debet
2083 1587 2139 1619 pati
2155 1586 2276 1618 eclipsin,

403 1637 431 1657 ut
447 1635 527 1657 frater
542 1634 600 1657 Joh.
615 1633 699 1656 Belini
715 1633 746 1656 de
762 1633 825 1657 Ord.
843 1633 955 1656 Carmel.
973 1636 998 1656 et
1014 1641 1083 1664 mag.
1100 1633 1127 1656 in
1143 1641 1218 1656 sacra
1233 1632 1332 1664 pagina
1346 1633 1412 1656 dixit
1427 1641 1449 1656 1).
1463 1633 1561 1656 Eodem
1576 1636 1694 1664 tempore
1709 1632 1835 1656 vivebant
1844 1632 1938 1656 Vitalis
1953 1632 2048 1661 Belini,
2059 1632 2086 1655 in
2101 1634 2151 1655 art.
2167 1634 2193 1655 et
2207 1630 2281 1655 theo-

402 1678 473 1709 logia
492 1687 572 1710 magn,
586 1678 739 1709 capellanus
753 1677 883 1707 (Audoini)
899 1677 999 1700 cardin.
1012 1677 1143 1708 Megalen.
1163 1678 1235 1708 (neg.
1251 1677 1375 1701 Avenion.
1393 1678 1537 1701 Innocentii
1550 1678 1592 1706 Vt,
1608 1686 1650 1701 an.
1668 1677 1690 1708 1,
1706 1678 1759 1701 vol.
1771 1677 1817 1707 111,
1830 1677 1875 1701 [01.
1887 1678 1951 1707 232),
1968 1685 2010 1700 an.
2028 1677 2097 1706 1359,
2111 1679 2171 1700 ante
2179 1675 2237 1701 oct.
2250 1676 2279 1699 31

404 1724 542 1746 defunctus
563 1723 666 1754 (Suppl.
683 1723 771 1745 Innoc.
788 1723 829 1750 Vl,
844 1730 887 1745 an.
903 1724 925 1752 5,
940 1730 966 1753 p.
984 1723 1005 1750 2,
1028 1722 1074 1745 [01.
1090 1722 1138 1751 21),
1162 1730 1297 1753 neposque
1316 1722 1373 1754 ejus
1389 1722 1482 1746 Vitalis
1498 1722 1590 1750 Belini,
1612 1722 1639 1745 in
1663 1725 1714 1746 nrt.
1738 1725 1765 1746 et
1786 1721 1915 1745 medicina
1940 1730 2019 1752 mag.,
2046 1729 2138 1745 canon.
2163 1720 2280 1744 Anicien.

403 1768 465 1791 eccl.
483 1768 586 1798 (Suppl.
604 1768 737 1790 Innocent.
753 1767 795 1797 VI,
811 1775 853 1789 an.
870 1769 892 1796 5,
910 1774 936 1797 p.
953 1767 974 1795 1,
991 1766 1036 1789 [01.
1053 1766 1123 1794 1251),
1140 1766 1173 1789 ud
1188 1775 1230 1790 un.
1248 1767 1327 1796 1357).
1344 1780 1375 1785 —-
1387 1768 1409 1790 6.
1427 1767 1474 1790 An.
1491 1767 1552 1790 1342
1568 1770 1597 1790 ut
1611 1767 1739 1798 magister
1754 1766 1859 1798 collegii
1875 1767 2009 1790 Navarrae
2029 1766 2100 1798 apud
2122 1764 2277 1793 Luunoium,

404 1812 554 1836 Navarrae
570 1813 671 1842 Gymn.
685 1811 766 1839 HIst„
785 1820 811 1842 p.
830 1811 868 1839 91,
886 1810 1004 1839 01100100,
1017 1811 1160 1842 codemque
1177 1819 1254 1838 anno,
1270 1811 1343 1834 Junii
1358 1811 1387 1834 17
1404 1813 1434 1841 (s.
1449 1811 1529 1836 theol.
1542 1813 1696 1843 professor),
1716 1819 1773 1835 000.
1790 1811 1875 1835 Paris.
1892 1812 1977 1834 sactus
1993 1813 2033 1834 est
2057 1811 2129 1841 (neg.
2154 1809 2279 1833 Aveniou.

404 1857 531 1880 Clement.
545 1857 586 1885 Vl,
603 1856 653 1879 vol.
671 1856 712 1884 lV,
730 1856 774 1879 sol.
791 1856 855 1885 242).
872 1856 965 1879 Postea
982 1855 1031 1879 fuit
1046 1855 1220 1879 cancellarius
1234 1856 1318 1879 Paris.
1337 1856 1366 1879 V.
1381 1856 1450 1879 infra
1466 1860 1517 1879 num
1532 1857 1602 1880 1177.
1618 1870 1648 1874 —
1664 1857 1686 1880 7.
1702 1856 1832 1880 Damville
1853 1856 1950 1886 (Eure),
1975 1855 2045 1887 quod
2058 1863 2109 1878 non
2127 1854 2204 1878 debet
2216 1862 2279 1878 con—

407 1901 479 1925 fundi
495 1909 555 1924 cum
574 1900 713 1924 Dainville.
730 1901 759 1923 In
774 1901 837 1931 Reg.
853 1900 956 1931 Suppl.,
973 1907 1014 1923 00.
1032 1901 1055 1929 7,
1071 1909 1098 1931 p.
1114 1901 1138 1929 3,
1155 1900 1190 1923 [01
1208 1900 1278 1928 1551),
1295 1909 1306 1923 ι(
1322 1900 1444 1924 Nicotaus
1463 1901 1494 1924 de
1514 1901 1645 1930 Danvilln,
1661 1901 1727 1924 alias
1748 1901 1779 1924 de
1793 1900 1888 1929 Ulmis,
1905 1900 2049 1931 Ehroycen.
2067 1894 2135 1923 dioc.
2152 1907 2163 1922 1)
2179 1899 2221 1929 (ad
2236 1907 2280 1924 an.

406 1947 476 1976 1349,
493 1946 619 1969 Februar.
636 1946 687 1974 24),
702 1944 747 1968 ubi
765 1944 843 1968 etiam
857 1944 954 1968 dicitur
969 1953 1028 1967 eum
1046 1948 1103 1967 octo
1120 1944 1195 1968 annis
1213 1948 1346 1976 regentem
1363 1945 1445 1968 fuisse
1460 1945 1570 1969 Parisiis
1586 1945 1612 1968 10
1627 1945 1707 1969 theol.
1724 1945 1771 1969 Ab.
1789 1953 1831 1968 an.
1849 1945 1910 1968 1342
1926 1944 1981 1975 (01)1
1993 1944 2049 1976 jam
2064 1944 2165 1975 doctor)
2185 1951 2279 1967 canon.

405 1990 572 2014 Lexoviensis
597 1990 668 2021 (Reg.
685 1989 811 2013 Clement.
828 1989 870 2017 Vl,
886 1993 916 2011 n⁰
937 1989 990 2017 152,
1007 1989 1051 2012 [01.
1069 1989 1150 2019 3371)),
1163 1989 1255 2020 praeb.
1270 1989 1320 2012 sub
1344 1993 1457 2021 exspect.
1474 1989 1614 2021 recipiens.
1630 1991 1676 2013 An.
1702 1990 1763 2013 1350
1786 1989 1827 2021 (de
1851 1998 1863 2013 (ι
1877 1989 1980 2012 Davilln
1996 1990 2018 2019 »)
2043 1997 2101 2012 can.
2126 1988 2278 2012 Abrincens.

407 2035 545 2066 (Supplic.,
563 2043 605 2058 an.
619 2035 642 2063 9,
660 2034 705 2057 [01.
722 2034 785 2063 173),
799 2041 841 2056 an.
861 2033 921 2056 1362
934 2041 990 2056 can.
1007 2033 1091 2056 Paris.
1108 2034 1179 2064 (Reg.
1197 2034 1277 2057 Aven.
1293 2033 1394 2057 Urbani
1410 2034 1439 2062 V,
1451 2034 1503 2057 vol.
1521 2035 1540 2064 l,
1557 2034 1602 2058 [01.
1617 2035 1656 2064 45,
1672 2037 1736 2057 1010.
1753 2034 1788 2057 111
1804 2034 1955 2063 Chartul.)‚
1974 2041 2017 2057 un.
2032 2034 2092 2056 1364
2107 2032 2278 2064 poenitentia-

404 2072 462 2103 rius
478 2079 563 2103 Paris.
580 2078 663 2109 (ibid.,
681 2078 733 2102 vol.
748 2078 803 2106 VII,
821 2078 865 2101 [01.
883 2078 947 2107 614).
963 2091 993 2094 —
1009 2079 1031 2100 8.
1049 2078 1144 2109 Supra,
1161 2081 1186 2101 et
1201 2078 1244 2101 [01.
1263 2078 1307 2101 126
1323 2078 1448 2101 scribitur
1465 2087 1477 2102 «
1493 2078 1624 2110 Beynardi
1642 2087 1665 2102 ».
1680 2079 1726 2102 An.
1744 2079 1804 2102 1342
1816 2078 1872 2109 jam
1887 2077 2014 2109 magister
2034 2077 2061 2100 in
2076 2077 2155 2100 theol.
2172 2076 2281 2100 cunoni-

407 2127 494 2147 catum
512 2124 538 2146 in
553 2123 645 2147 eccles.
660 2122 781 2146 Remensi
801 2122 850 2145 sub
868 2122 1062 2153 exspectatione
1077 2122 1243 2153 praebendae
1265 2122 1360 2154 recipit
1387 2123 1459 2154 (Reg.
1479 2123 1604 2146 Clement.
1629 2123 1671 2151 Vl,
1687 2127 1717 2146 n⁰
1732 2123 1785 2151 152,
1804 2123 1849 2147 [01.
1866 2122 1930 2152 271).
1949 2135 1979 2140 —
1991 2123 2016 2146 9.
2040 2121 2157 2152 Intelligi
2179 2121 2257 2145 debet
2273 2128 2279 2144 z

407 2168 528 2200 quamvis
543 2167 722 2199 praebendam
737 2166 823 2190 adhuc
838 2174 890 2189 000
905 2166 1041 2197 receperit.
1059 2167 1091 2189 Et
1109 2166 1146 2189 sic
1161 2166 1188 2189 in
1206 2166 1386 2198 sequentibus.
1402 2181 1432 2185 -—
1449 2167 1486 2191 10.
1503 2168 1533 2191 V.
1548 2175 1630 2199 supra
1645 2171 1674 2190 n⁰
1687 2167 1756 2190 1072.
1777 2181 1805 2184 -
1820 2167 1857 2190 11.
1875 2166 1925 2190 Sed
1941 2174 1983 2190 an.
2003 2166 2074 2195 1361,
2098 2165 2203 2197 quando
2221 2173 2278 2189 can.

407 2213 505 2241 Baiae„
519 2212 632 2236 officium
647 2211 770 2235 lectoriae
787 2219 846 2234 cum
859 2210 994 2234 distribut.
1010 2219 1062 2234 non
1075 2214 1131 2234 erat
1146 2211 1231 2234 adhuc
1247 2215 1384 2235 assecutus
1400 2212 1473 2243 (Reg.
1489 2211 1614 2235 Avenion.
1629 2212 1762 2235 Innocent.
1776 2212 1821 2240 Vl,
1835 2211 1887 2235 vol.
1898 2211 1985 2240 XXVI,
1997 2211 2042 2234 [01.
2057 2211 2123 2240 479).
2139 2224 2169 2228 -
2184 2210 2222 2233 12.
2235 2210 2281 2233 An.

408 2258 477 2285 1365,
492 2258 551 2280 Jun.
572 2257 610 2286 18,
623 2256 708 2279 adhue
720 2255 903 2279 canonicatum
918 2255 945 2278 in
960 2256 1022 2278 ecel.
1038 2255 1155 2279 Atrebat.
1172 2255 1266 2287 recipit
1280 2257 1353 2287 (Reg.
1367 2257 1446 2279 Aven.
1463 2256 1565 2280 Urbani
1580 2257 1609 2287 V,
1624 2257 1675 2280 vol.
1693 2257 1748 2285 ΧΠ,
1765 2256 1811 2279 fol.
1828 2256 1881 2279 111.
1898 2255 1937 2279 Cf.
1954 2258 1980 2279 et
2001 2255 2053 2279 vol.
2076 2255 2129 2287 XV,
2154 2255 2198 2278 [01.
2215 2254 2281 2284 138).

406 2316 437 2319 -
455 2302 492 2325 13.
510 2302 651 2332 Pei-perum
676 2300 703 2323 in
718 2301 781 2331 Reg.
800 2308 811 2323 «
828 2301 984 2331 Ingentumo
1001 2308 1022 2322 1).
1044 2300 1116 2323 Infra
1130 2304 1159 2323 n⁰
1176 2300 1236 2323 1184
1253 2309 1264 2323 α
1280 2301 1394 2332 Freneys
1411 2308 1432 2324 1).
1449 2301 1496 2324 Α11.
1514 2301 1582 2330 1342,
1600 2309 1671 2332 mag.
1687 2300 1713 2324 in
1731 2296 1834 2324 artibus
1859 2303 1884 2323 et
1906 2300 2076 2323 baccelareus
2097 2299 2125 2322 10
2146 2298 2237 2327 111001.,
2253 2298 2284 2322 fit

407 2354 500 2369 canon.
516 2346 620 2369 Belvac.
637 2345 710 2376 (Reg.
724 2345 850 2368 Clement.
867 2345 908 2373 Vl,
923 2348 952 2367 n⁰
965 2344 1018 2373 156,
1033 2345 1078 2368 [01.
1094 2344 1176 2374 33811).
1189 2345 1235 2368 An.
1254 2345 1314 2368 1362
1329 2345 1415 2368 adhuc
1430 2348 1491 2369 actu
1505 2354 1599 2377 regens
1615 2345 1719 2377 (Suppl.
1745 2345 1810 2370 Urb.
1836 2345 1865 2374 V,
1891 2353 1934 2368 an.
1959 2345 1982 2374 1,
2006 2353 2034 2376 p.
2051 2344 2073 2371 1,
2099 2343 2144 2368 fol.
2171 2343 2236 2373 77¹³).
2251 2357 2282 2361 —

405 2392 446 2416 14.
464 2392 523 2414 Jam
538 2399 580 2415 an.
597 2390 657 2413 1342
669 2398 739 2421 mag.
750 2389 776 2412 in
789 2389 891 2412 artibus
907 2392 932 2412 et
947 2389 1025 2419 med.,
1039 2389 1140 2413 haccal.
1154 2389 1181 2412 in
1196 2389 1287 2419 theol„
1301 2390 1331 2413 fit
1346 2398 1403 2413 can.
1419 2390 1560 2413 paduanus
1574 2390 1659 2421 (ibid.,
1677 2390 1720 2414 fol.
1738 2389 1819 2420 327b).
1838 2402 1864 2407 —
1880 2389 1916 2412 15.
1931 2389 1979 2413 An.
2001 2389 2061 2412 1342
2084 2396 2154 2419 meg.
2173 2388 2200 2411 in
2221 2387 2283 2412 arti-

409 2435 458 2458 bus
472 2438 497 2458 et
511 2435 664 2457 baccalareo
680 2428 710 2457 in*
721 2433 862 2464 theologia,
878 2441 937 2456 cum
955 2434 1039 2457 sactus
1057 2437 1126 2457 esset.
1141 2442 1198 2458 can.
1214 2434 1357 2458 Autissiod.
1375 2434 1447 2466 (Reg.
1469 2434 1595 2458 Avenion.
1616 2434 1698 2458 Clem.
1714 2435 1756 2463 VI,
1772 2434 1824 2457 vol.
1841 2434 1894 2466 XV,
1911 2433 1955 2457 [01.
1969 2434 2033 2463 450).
2048 2433 2094 2456 An.
2111 2433 2172 2456 1353
2196 2432 2282 2456 adhue

410 2483 469 2503 actu
485 2487 578 2510 regens
596 2478 723 2510 (Supplic.
741 2479 872 2501 Innocent.
890 2478 932 2506 VI,
946 2486 989 2501 an.
1006 2479 1028 2507 1,
1044 2486 1071 2509 p.
1087 2478 1109 2507 1,
1126 2478 1171 2501 [01.
1185 2479 1247 2510 195).
1264 2492 1295 2496 —
1309 2479 1347 2502 16.
1364 2480 1411 2502 An.
1428 2479 1489 2502 1346
1504 2479 1590 2502 adhuc
1601 2479 1764 2502 baccalareo.
1781 2479 1811 2502 V.
1825 2486 1907 2509 supra
1922 2482 1951 2501 n⁰
1966 2478 2036 2501 1131.
2052 2478 2082 2500 10
2097 2477 2161 2508 Reg.
2180 2481 2210 2500 n⁰
2226 2467 2283 2505 197,

411 2525 437 2547 in
454 2524 553 2551 lndice;
570 2532 581 2547 (ι
597 2524 629 2546 de
638 2522 850 2546 Wastomolendo
870 2531 891 2550 »,
908 2522 934 2545 10
950 2527 979 2545 n⁰
997 2523 1050 2552 198,
1067 2523 1112 2546 [01.
1130 2523 1183 2551 175,
1202 2532 1213 2545 «
1229 2523 1260 2546 de
1278 2523 1393 2547 wstonio
1409 2531 1432 2547 1).
1450 2537 1475 2541 ·-
1495 2524 1532 2547 17.
1548 2524 1578 2547 V.
1593 2523 1657 2547 ibid.
1672 2537 1703 2541 —-
1718 2524 1755 2547 18.
1772 2523 1830 2546 lbid
1845 2526 1870 2546 et
1884 2529 1911 2546 n⁰
1927 2523 1997 2546 1143.
2020 2523 2080 2553 Ipse
2104 2524 2160 2545 erat
2175 2521 2282 2545 nuntius

413 2569 546 2592 facultatis
561 2567 720 2598 theologiae,
735 2570 765 2590 ut
781 2575 795 2590 e
813 2567 931 2598 Supplic.
949 2567 1075 2591 Clement.
1091 2568 1134 2596 Vl,
1150 2576 1191 2591 an.
1209 2569 1232 2597 7,
1248 2576 1274 2599 p.
1292 2569 1314 2596 3,
1332 2568 1377 2592 [01.
1393 2568 1455 2591 292b
1474 2569 1524 2598 (an.
1548 2568 1618 2598 1348,
1643 2567 1705 2591 Maii
1720 2569 1752 2598 7),
1768 2570 1886 2599 apparet,
1904 2567 1950 2590 ubi
1972 2566 2076 2594 dicitur,
2101 2574 2161 2589 eum
2184 2565 2284 2589 dudum

413 2613 493 2636 fuisse
509 2616 636 2636 rectorem
651 2611 838 2636 Universitatis
854 2615 880 2635 et
894 2611 1001 2635 unicum
1015 2612 1150 2635 doctorem
1164 2612 1190 2635 in
1203 2612 1338 2644 theologia
1355 2613 1387 2636 de
1401 2612 1515 2636 dioecesi
1528 2612 1723 2636 Constantiensi
1738 2612 1888 2640 oriundum,
1900 2614 1926 2635 et
1940 2611 1967 2635 111
1982 2610 2128 2634 cathedrali
2148 2610 2283 2634 Constant.

412 2658 477 2680 nulli
493 2657 603 2685 doctori,
618 2656 772 2680 haccalareo
789 2656 843 2679 sive
859 2656 973 2680 studenti
988 2656 1015 2679 in
1029 2657 1163 2687 theologia
1178 2657 1316 2688 provisum
1331 2665 1399 2681 esse.
1415 2671 1443 2675 —
1459 2658 1498 2681 19.
1514 2658 1543 2680 V.
1561 2661 1589 2680 11ο
1604 2657 1674 2680 1131.
1690 2671 1719 2674 -
1734 2658 1773 2681 20.
1789 2656 1858 2680 lbid.
1874 2670 1903 2673 —
1918 2656 1957 2679 21.
1980 2655 2047 2679 lbid.
2067 2669 2098 2673 —
2117 2656 2156 2679 22.
2172 2654 2239 2679 lbid.
2257 2668 2284 2672 —

413 2703 450 2725 23.
466 2702 532 2725 lbid.
548 2715 579 2718 —
593 2702 632 2725 24.
648 2702 695 2724 An.
711 2701 781 2729 1353,
796 2701 857 2724 Jun.
875 2701 912 2729 10,
927 2701 1094 2724 Innocentius
1110 2702 1143 2724 Vl
1156 2701 1182 2724 in
1196 2701 1260 2725 eccl.
1273 2702 1412 2725 Carnoten.
1428 2702 1546 2725 osticium
1561 2701 1667 2725 lectoris
1683 2701 1710 2725 in
1724 2701 1804 2726 theol.
1821 2701 1852 2724 de
1864 2708 1932 2724 novo
1946 2700 2069 2729 instituit,
2093 2702 2119 2724 et
2133 2699 2287 2723 Michaelem

414 2746 558 2769 nominavit
571 2746 642 2776 (Reg.
660 2746 739 2769 Aven.
753 2746 842 2769 Innoc.
860 2745 888 2773 V,
906 2746 959 2769 vol.
975 2746 1006 2776 V,
1022 2746 1068 2770 [01.
1082 2747 1137 2775 455,
1153 2747 1218 2776 456).
1234 2760 1266 2764 -
1285 2747 1324 2770 25.
1340 2746 1517 2770 Nihilominus
1532 2746 1559 2769 in
1574 2746 1668 2770 Rutulo
1692 2746 1882 2778 magistrorum
1903 2745 2026 2769 Univers.
2049 2744 2134 2768 Paris.
2158 2752 2201 2767 an.
2225 2743 2286 2767 1353

415 2793 520 2813 notatur
535 2789 664 2820 (Supplic.
679 2790 811 2813 Innocent.
825 2790 867 2816 VI,
883 2797 924 2813 an.
942 2790 964 2819 1,
978 2799 1005 2821 p.
1024 2791 1047 2818 1,
1063 2790 1108 2814 sol.
1123 2790 1187 2822 195).
1204 2791 1233 2814 In
1248 2791 1342 2815 Rotulo
1368 2791 1462 2814 domus
1483 2791 1617 2814 Sorbonae
1635 2799 1677 2814 an.
1701 2790 1771 2819 1343,
1797 2789 1932 2821 Septemb.
1946 2790 1987 2818 27,
2004 2797 2016 2812 (ι
2031 2797 2103 2820 mag.
2125 2788 2151 2811 in
2173 2787 2285 2816 artibus,

415 2833 594 2857 Cameracens.
608 2833 685 2862 dioc.,
702 2833 746 2864 qui
762 2833 854 2856 ambos
869 2842 963 2857 cursus
977 2834 1003 2857 in
1019 2834 1154 2865 theologia
1166 2835 1280 2866 perlegit
1294 2843 1317 2867 1),
1333 2835 1364 2858 (10
1379 2843 1473 2859 canon.
1494 2835 1558 2859 0001.
1579 2835 1696 2859 Atrebet.
1712 2834 1893 2866 (Supplic.an.
1910 2834 1933 2863 2,
1945 2841 1971 2865 p.
1989 2833 2011 2862 1,
2025 2833 2072 2856 fol.
2084 2833 2147 2862 246).
2160 2832 2195 2855 De
2206 2839 2235 2855 ee
2251 2831 2285 2854 ad

414 2886 456 2901 00.
472 2878 532 2901 1353
547 2877 644 2908 legitur
660 2885 665 2900 z
683 2886 694 2900 «
710 2886 758 2909 per
772 2877 916 2901 triennium
931 2878 957 2901 in
973 2879 1047 2902 Rom.
1063 2879 1137 2902 curia
1152 2880 1339 2903 commorando
1354 2879 1469 2911 gratiam
1484 2879 1569 2911 ejusd.
1586 2879 1656 2903 sedis
1672 2882 1812 2911 expectans
1827 2877 2018 2910 patrimonium
2037 2876 2156 2900 vendidit
2176 2878 2202 2899 01
2220 2883 2283 2899 con—

415 2921 529 2952 sumpsit
545 2930 566 2949 1),
583 2930 639 2946 can.
655 2922 681 2944 S.
697 2922 818 2945 Ursmari
834 2922 940 2946 Lobien.
957 2922 1090 2946 camerac.
1108 2923 1190 2947 dioec.
1208 2924 1281 2955 (Reg.
1297 2924 1431 2949 Innocent.
1448 2925 1490 2953 Vl,
1506 2929 1536 2947 n⁰
1551 2924 1604 2952 221,
1622 2924 1666 2947 [01.
1675 2924 1740 2954 339).
1757 2924 1803 2947 Αο.
1820 2923 1880 2946 1362
1893 2931 1950 2946 000.
1965 2922 2098 2946 Gamerae.
2116 2921 2188 2952 (Reg.
2202 2920 2283 2944 Aven-

541 2967 579 2989 79.

2523 3256 2534 3265 1
2510 2957 2534 3250 ..asi-ffimaffitmmwa
2511 2916 2534 2942 ’.ἐς

2520 3369 2534 3444 γᾶς-31»...
2531 3361 2534 3364 .
2522 3274 2534 3355 ..aaran
