2534 3444
429 344 493 376 724

1009 352 1325 374 CHAR'I'ULAIIIUM
1361 352 1549 374 UNIVERS.
1586 352 1715 374 PARIS.

426 474 471 495 59ss

425 575 468 596 597

415 1336 459 1358 6011

414 1443 472 1465 6on

414 1551 459 1573 605

413 1702 459 1724 606

413 1960 458 1982 608

412 2023 458 2044 609

411 2173 457 2196 610

411 2324 453 2347 611

411 2431 456 2454 612

411 2537 455 2560 613

410 2645 455 2667 614

409 2795 454 2819 615

560 470 627 496 1296

549 1955 614 1981 ¹298

547 2173 613 2199 ¹299

505 2324 653 2351 1298-1299

547 2431 613 2457 1300

748 472 819 494 Junii
837 472 865 494 18

729 573 839 605 Augusti
854 575 884 597 23

771 779 798 782 —
852 766 882 788 30

728 867 849 890 Octobris
866 869 880 890 3

704 925 853 948 Decembris
870 925 899 948 18

711 1027 846 1050 Februarii
863 1029 891 1051 25

741 1130 827 1153 Martii
846 1131 858 1154 7

766 1232 834 1256 Maio

738 1335 808 1358 Junii
828 1336 857 1358 15

750 1443 857 1466 -15

741 1548 805 1572 Julii
821 1549 850 1572 18

716 1701 827 1732 Augusti
845 1701 873 1724 18

721 1852 869 1883 Septembri

736 1959 823 1982 Martii
840 1960 853 1982 3

742 2021 849 2045 Octobri

719 2172 840 2196 Octobris
855 2175 870 2196 9

702 2430 838 2454 Februarii
854 2432 883 2454 26

759 2537 826 2561 Maio

737 2645 801 2668 Julii
817 2645 844 2669 21

707 2795 828 2821 Octobris
845 2797 873 2821 '12

942 471 1092 494 Bonisacius
1108 471 1165 494 vul
1179 470 1307 502 magistro
1321 471 1398 494 Petro
1413 471 1444 494 de
1461 472 1526 494 Croc
1541 471 1723 495 canonicatum
1738 471 1863 496 ecelesiae
1878 471 2019 495 parisiens.
2036 478 2066 493 ac
2080 469 2205 501 praeben-

972 516 1041 544 dam,
1059 516 1080 538 si
1097 524 1148 547 qua
1163 518 1245 544 vacat,
1263 517 1363 539 confert
1369 533 2203 539 .................................

941 573 1053 596 Litterae
1065 573 1182 604 Philippi
1196 574 1237 601 lv,
1254 573 1415 596 Francorum
1427 573 1507 604 regis,
1524 574 1557 597 ad
1573 573 1699 597 ballivum
1715 573 1908 603 Viromandiae,
1932 577 1961 597 ut
1975 573 2015 596 illi
2033 573 2064 596 de
2078 572 2205 604 progenie

971 618 1186 646 Pureellvturum,
1201 618 1280 641 villae
1295 618 1383 641 Sancti
1399 618 1526 647 Quintini,
1542 618 1696 649 persolvant
1708 618 1873 642 universitati
1888 618 2077 650 magistrorum
2091 621 2117 641 et
2132 617 2205 640 scho-

970 662 1067 685 larium
1091 662 1280 686 Parisiensium
1303 662 1375 686 inille
1396 662 1479 686 libras
1503 663 1644 694 parisiens.
1669 666 1779 694 propter
1804 662 2011 686 interfectionem
2036 662 2151 685 Simonis
2173 662 2204 684 de

971 707 1110 738 Messemy,
1127 707 1249 738 magistri
1264 707 1360 730 artium
1368 725 2202 731 .................................

939 764 1010 788 Libri
1025 765 1172 796 theologiae
1188 773 1253 796 quos
1268 765 1441 788 cancellarius
1457 765 1614 789 Parisiensis
1634 766 1749 789 custodit
1770 773 1817 797 per
1838 773 1945 788 manum
1965 773 2040 788 suam
2055 772 2203 788 accommo-

969 809 1069 832 dandos
1080 809 1243 841 pauperihus
1255 810 1422 833 scholaribus
1435 810 1552 833 Pul-isius
1569 810 1595 833 in
1609 811 1732 833 facultate
1747 810 1895 841 theologiae
1911 809 2077 833 studentibus
2094 827 2200 832 .....

938 867 1070 890 Statutum
1090 868 1121 890 de
1142 867 1305 891 debitoribus
1326 868 1439 891 nationis
1462 868 1672 891 Normannorum
1677 884 2201 891 .....................

938 924 1086 947 Bonifaeius
1116 925 1174 948 VIII
1203 925 1340 956 decanum,
1369 929 1502 949 cantorem
1530 929 1556 949 et
1579 926 1765 949 cancellarium
1789 926 1823 949 ad
1844 925 2012 949 residendum
2037 925 2065 948 in
2093 924 2203 948 ecclesia

968 969 1110 992 I‘arisiensi
1128 969 1229 1001 obligat
1233 987 2200 994 ......................................

937 1026 1076 1058 Philippus
1089 1027 1128 1055 IV,
1141 1027 1302 1050 Francorum
1313 1036 1369 1057 rex,
1377 1028 1500 1051 omnibus
1513 1028 1666 1060 justitiariis
1681 1028 1797 1060 injungit
1808 1037 1848 1057 ne,
1866 1028 1976 1051 durante
1991 1028 2070 1056 bello,
2080 1026 2202 1058 magistri

966 1074 992 1094 ct
1006 1071 1140 1095 scholares
1155 1072 1264 1095 Parisiis
1282 1073 1323 1096 vel
1339 1073 1458 1096 Aureliae
1474 1073 1608 1096 studentes
1623 1073 1657 1096 ab
1672 1073 1770 1097 eisdem
1786 1074 1958 1097 molestentur
1962 1090 2200 1096 ..........

935 1129 1032 1152 Charta
1047 1129 1078 1152 de
1094 1130 1171 1153 modo
1186 1130 1347 1154 convocandi
1363 1131 1491 1154 decanum
1505 1134 1531 1155 et
1543 1131 1686 1163 magistros
1709 1131 1842 1155 facultatis
1866 1130 2015 1162 theologiae
2040 1130 2074 1154 ad
2096 1129 2202 1153 comitia

965 1174 1098 1205 generalia
1104 1192 2200 1199 ...........................................

934 1231 1073 1263 Philippus
1090 1233 1131 1261 lv,
1145 1233 1306 1256 Francorum
1322 1242 1374 1263 rex,
1388 1234 1530 1266 privilegia
1538 1234 1674 1270 magistris
1688 1238 1713 1258 et
1723 1234 1888 1258 scholaribus
1905 1233 2047 1258 Parisiens.
2063 1241 2079 1256 a
2093 1232 2200 1264 regibus

965 1285 1090 1300 concessa
1104 1278 1270 1309 recognoscit
1282 1281 1307 1302 ct
1324 1279 1462 1302 confirmat
1466 1295 2199 1303 .............................

934 1334 1047 1362 Quidam
1062 1335 1184 1367 magistri
1201 1336 1226 1359 in
1242 1337 1356 1368 theolog.
1374 1337 1499 1361 facultate
1521 1337 1664 1361 Parisiensi
1691 1337 1866 1361 determinant
1890 1336 2055 1360 Bonifacium
2069 1336 2128 1359 VIII
2141 1335 2200 1359 ille-

965 1379 1056 1410 gitime
1069 1380 1102 1403 ad
1117 1384 1246 1412 papatum
1263 1381 1415 1413 ingressum
1434 1390 1491 1405 esse
1496 1397 2198 1406 ............................

934 1442 988 1465 Duo
1004 1442 1117 1473 depositi
1130 1443 1278 1467 cardinales
1294 1444 1325 1467 de
1341 1444 1468 1468 Columna
1491 1445 1517 1468 in
1538 1445 1633 1469 litteris
1658 1445 1691 1468 ad
1706 1444 1911 1469 Universitatem
1932 1443 2074 1468 parisiens.
2093 1442 2199 1466 directis

963 1491 1118 1511 enumerant
1131 1488 1202 1511 mala
1217 1488 1268 1511 sibi
1287 1497 1302 1512 a
1317 1489 1453 1513 Bonifacio
1468 1490 1524 1513 VIII
1542 1489 1641 1513 inflictu
1645 1505 2197 1513 ......................

933 1548 1082 1572 Bonifucius
1096 1550 1153 1573 Vlll
1169 1550 1252 1581 priori
1267 1554 1292 1574 et
1306 1552 1445 1575 conventui
1461 1552 1717 1576 monasteriiMontis
1728 1552 1811 1576 Rubei
1826 1552 1889 1576 Ord.
1907 1552 1933 1575 S.
1950 1550 2098 1580 Guillermi,
2114 1549 2197 1574 Paris.

963 1594 1055 1622 dioec.‚
1071 1595 1189 1618 concedit
1203 1599 1360 1627 potestatem
1375 1596 1488 1620 habendi
1502 1597 1590 1620 Iocum
1604 1597 1631 1620 in
1646 1597 1751 1620 civitate
1771 1596 1912 1620 Parisiensi
1928 1604 1976 1627 pro
1997 1595 2125 1619 fratribus
2141 1594 2199 1618 suis

963 1638 988 1661 in
1004 1639 1118 1670 theolog.
1145 1640 1268 1664 facultate
1293 1641 1460 1665 studentibus
1465 1657 2197 1665 .............................

931 1700 1070 1732 Philippus
1086 1702 1128 1731 lv,
1145 1702 1305 1726 Francorum
1318 1711 1370 1732 rex,
1394 1704 1516 1727 omnibus
1541 1704 1703 1733 senescallis,
1717 1704 1833 1733 ballivis,
1858 1706 1917 1732 etc.,
1943 1702 2059 1734 injungit
2082 1705 2110 1725 ut
2131 1701 2198 1724 bona

962 1746 1150 1776 magistrorum
1169 1750 1195 1770 et
1215 1747 1377 1771 scholarium
1394 1749 1535 1773 Parisiens.
1563 1749 1622 1772 duci
1651 1752 1676 1772 et
1702 1749 1762 1773 vehi
1790 1757 1838 1780 per
1862 1751 1945 1772 totum
1969 1755 2080 1779 regnum
2099 1746 2199 1777 absque

961 1790 1093 1814 exactione
1117 1791 1234 1823 pedagii(
1253 1793 1407 1823 permittant
1411 1808 2196 1818 ...............................

930 1851 1001 1875 Libri
1015 1861 1080 1884 quos
1096 1853 1197 1885 legavit
1210 1854 1337 1886 magister
1351 1856 1444 1879 Petrus
1459 1856 1491 1879 de
1507 1856 1645 1888 Joigniaco
1660 1856 1823 1888 pauperibus
1844 1854 2010 1879 scholaribus
2031 1853 2197 1877 studentibus

961 1897 987 1919 in
998 1897 1130 1929 theologia
1134 1916 2195 1924 ..........................................

931 1959 1081 1982 Bonisaeius
1097 1960 1155 1983 vni
1169 1961 1341 1985 Universituti
1356 1962 1498 1986 Parisicnsi
1514 1963 1613 1986 librum
1629 1964 1736 1987 Sextum
1747 1962 1904 1986 transmittit
1909 1978 2194 1985 ............

930 2021 1068 2053 Philippus
1082 2023 1124 2051 lv,
1140 2023 1300 2047 Francorum
1316 2033 1368 2053 rex,
1383 2025 1462 2048 edicit
1478 2029 1505 2048 ut
1519 2034 1622 2048 summa
1645 2025 1747 2057 argenti
1767 2033 1816 2056 pro
1833 2022 2012 2048 inter'reetione
2030 2022 2145 2046 Simonis
2165 2022 2196 2045 de

961 2066 1089 2098 Messemy
1104 2068 1229 2091 solvenda
1244 2068 1412 2100 impendatur
1436 2070 1469 2093 ad
1494 2070 1673 2093 fundationem
1699 2073 1823 2101 quattuor
1846 2068 2063 2100 capellaniarum,
2084 2075 2195 2099 quarum

960 2114 1115 2141 patronatus
1129 2112 1163 2135 ad
1178 2112 1383 2137 Universitatcm
1403 2118 1537 2138 remaneat
1541 2129 2193 2139 ..........................

929 2172 1086 2196 Guillelmus
1107 2174 1244 2204 Thiboust,
1268 2176 1437 2207 praepositus
1453 2177 1548 2207 Paris.‚
1564 2177 1700 2201 dominum
1715 2177 1823 2200 Denisot
1835 2176 1947 2200 cessisse
1966 2178 1991 2199 et
2006 2174 2156 2199 vendidisse
2170 2173 2195 2197 in

960 2221 1117 2249 perpetuum
1131 2219 1303 2243 Universitati
1318 2221 1403 2245 Puris.
1419 2230 1535 2245 annuum
1551 2222 1683 2246 redditum
1703 2221 1843 2253 quemdam
1858 2220 1953 2252 viginti
1968 2220 2097 2243 librarum
2112 2218 2193 2250 paris.

959 2270 1007 2293 pro
1020 2263 1143 2286 trecentis
1164 2264 1240 2288 libris
1261 2268 1395 2290 turonens.
1425 2269 1538 2290 testatur
1542 2281 2193 2290 ..........................

928 2324 1047 2355 Epistola
1061 2326 1207 2357 Raymundi
1229 2327 1287 2351 Lull
1311 2328 1344 2351 ad
1366 2328 1570 2352 Universitatem
1594 2329 1688 2358 Paris.,
1705 2337 1784 2361 quam
1807 2328 1928 2352 hortatur
1950 2327 1982 2350 ad
2005 2325 2195 2358 porrigendum

958 2377 1048 2400 preces
1064 2378 1126 2394 suas
1139 2371 1203 2402 regi,
1226 2375 1254 2394 ut
1269 2373 1392 2396 fundetur
1413 2373 1521 2397 Parisiis
1538 2374 1655 2397 studium
1672 2374 1822 2402 Arabicum,
1839 2372 2004 2396 Tui-turicum
2018 2374 2044 2395 et
2056 2371 2194 2394 Graecum.

928 2431 1065 2463 Philippus
1082 2433 1124 2462 IV,
1140 2434 1301 2457 Francorum
1316 2443 1368 2464 rex,
1386 2436 1419 2459 ad
1442 2436 1625 2468 praepositum
1650 2436 1835 2463 Parisiensem.
1858 2443 1889 2459 ne
1909 2437 2048 2458 teneantur
2059 2433 2194 2456 scholares

958 2476 1020 2499 dare
1035 2477 1148 2508 pignora
1163 2478 1265 2502 civibus
1281 2479 1363 2503 Paris.
1380 2488 1429 2511 pro
1442 2481 1574 2510 domibus,
1590 2489 1655 2512 quas
1669 2481 1702 2504 ab
1720 2481 1753 2504 iis
1769 2479 1950 2504 conducebant
1954 2494 2192 2502 ..........

927 2539 1059 2562 Statutum
1073 2540 1187 2571 Capituli
1203 2542 1333 2572 generalis
1345 2542 1408 2566 Ord.
1420 2543 1527 2567 Eremit.
1537 2544 1562 2566 S.
1576 2543 1716 2575 Augustini
1723 2543 1833 2574 Neapoli
1848 2541 1973 2565 celebrati
1985 2541 2017 2564 de
2031 2539 2193 2564 baccalareis

957 2583 1063 2607 Ordinis
1086 2585 1195 2608 Parisiis
1200 2601 2192 2612 .......................................

925 2646 1064 2678 Philippus
1081 2647 1121 2675 lv,
1136 2648 1296 2672 Francorum
1311 2658 1364 2678 rex,
1379 2650 1530 2682 praeposito
1545 2651 1629 2674 Paris.
1646 2650 1761 2682 injungit
1779 2653 1808 2673 ut
1827 2652 1954 2674 rectorem
1967 2651 1992 2672 et
2007 2650 2192 2680 procuratores

956 2691 1142 2716 Universitatis
1155 2693 1238 2716 Paris.
1255 2695 1288 2717 ad
1304 2695 1329 2718 S.
1346 2695 1500 2726 Dionysium
1515 2695 1604 2719 venire
1619 2695 1719 2723 invitet,
1733 2695 1778 2718 ubi
1794 2694 1849 2725 regi
1870 2694 1989 2717 chartam
2003 2693 2145 2724 quamdam
2160 2692 2192 2716 de

955 2735 1111 2767 pignoribus
1128 2741 1273 2762 monstrent
1277 2755 2189 2765 ....................................

924 2798 1054 2823 Arnaldus
1070 2800 1101 2823 de
1114 2800 1259 2831 villanova,
1275 2802 1391 2826 medicus
1415 2803 1658 2836 montispessulani,
1681 2803 1773 2827 scribit
1793 2801 1892 2827 ,Iacobo
1912 2801 1944 2830 11,
1961 2800 2018 2833 regi
2032 2799 2188 2832 Aragoniae,

955 2851 981 2867 se
993 2844 1025 2867 ab
1045 2844 1148 2868 officiali
1168 2846 1251 2870 Paris,
1267 2850 1381 2879 captum,
1396 2851 1525 2871 retentum
1536 2852 1561 2872 et
1575 2849 1766 2872 incarceratum
1781 2856 1839 2871 esse
1853 2850 1960 2879 propter
1975 2854 2051 2869 suurn
2067 2845 2188 2869 libellum

954 2887 985 2911 de
1005 2889 1122 2912 Adventu
1142 2891 1294 2915 Antichristi
1299 2907 2187 2917 ,,,,,,,,,,,,,,,,,,,,,,,,,,,,,,,,,,,

2266 514 2292 537 71

2265 706 2291 728 71

2264 808 2292 831 72

2263 866 2292 888 72

2263 1071 2291 1093 75

2263 1173 2292 1196 75

2262 1276 2290 1299 77

2261 1378 2289 1401 77

2260 1485 2289 1508 78

2259 1637 2289 1660 78

2259 1788 2288 1811 79

2257 1895 2287 1918 80

2256 1957 2284 1981 81

2255 2113 2285 2136 82

2255 2265 2285 2287 82

2254 2371 2284 2394 83

2253 2585 2282 2608 85

2251 2728 2321 2760 ὅθ’

2249 2888 2279 2913 86

2512 973 2534 1010 22¹2
2517 859 2534 963 ,Avfflt=›.‚
2526 838 2534 850 .«-,
2528 798 2530 802 «
